1760 3034
411 168 690 212 NOMINUM
716 166 807 210 ET
823 165 1149 212 VERBORUM.

129 273 248 314 nicae,
277 271 398 317 Beryti
418 274 588 317 repertam
612 270 692 304 azia.
718 271 775 305 20.

129 318 302 400 asiam
325 318 360 398 1¹³
361 329 419 396 ²ss
422 316 778 397 ἶέἐῐέἒωὲὲᾇξῖῖῖῗζ

287 388 298 404 ,
347 389 355 397 .

131 409 293 450 ecclesia,
323 421 343 443 a
369 420 406 441 se
437 407 635 447 aedificata,
666 417 776 440 arcam

129 454 350 499 sepulcralem
380 453 446 487 sibi
474 457 656 498 praeparat
678 452 776 485 Ioan-

131 511 192 533 nes
207 499 396 533 Tzimisces
414 500 491 540 177,
517 501 571 533 17.
589 498 705 543 ibique
724 508 778 530 se-

130 545 256 589 pelitur
281 546 356 586 178,
377 543 430 579 14.

85 589 205 623 Sicilia
219 590 355 624 vatibus
373 594 407 622 et
422 588 551 623 sanctis
576 587 675 632 plena
697 585 777 629 443,

132 637 166 671 3.
196 647 236 670 eo
265 635 450 680 appellitur
474 634 610 674 classis,
635 645 655 666 a
672 634 778 666 Nice-

132 681 239 726 phoro
250 681 364 714 Phoca
381 681 466 724 Imp.
479 678 637 724 expedita
651 679 706 719 65,
722 679 777 713 20.

133 725 250 759 Sicilia
275 726 383 759 insula
400 735 522 770 aspera
539 724 779 768 arboribusque

132 771 257 804 vestita
277 773 334 812 66,
362 772 416 806 17.

87 815 216 860 Siglum
235 828 300 860 quo
314 816 507 854 ἐπίσκοπος
531 817 689 853 notatur,
712 825 779 847 non

132 861 338 896 intellectum
358 863 400 896 ab
420 860 605 896 editoribus
625 859 703 901 409,
722 861 777 895 38.

136 918 296 963 siglorum
335 907 405 968 ff)
435 923 471 952 et
494 907 586 969 [αξξ.
610 917 647 951 ἰη
668 916 778 950 Codd.

135 969 216 1004 inde
236 981 256 1004 a
286 971 420 1004 saeculo
442 980 504 1005 xn.
523 981 648 1005 summa
662 967 781 1002 simili-

133 1016 216 1049 tudo
238 1016 318 1056 506,
341 1017 376 1050 5.

88 1059 254 1094 Silvester
277 1061 320 1094 de
342 1061 443 1106 Sacy.
470 1062 557 1094 Vide
579 1061 681 1104 Sacy.

89 1105 224 1139 Simeon
244 1106 414 1150 Ampelus,
432 1106 564 1140 Bardae
575 1106 710 1139 Phocae
726 1115 782 1138 res

133 1162 241 1185 novas
264 1151 429 1185 molientis
456 1151 584 1185 assecla
609 1152 694 1190 113,
729 1151 782 1184 11.

135 1201 257 1241 postea
290 1197 332 1230 ab
369 1197 483 1230 eodem
520 1195 634 1230 Barda
667 1195 784 1228 deficit

139 1242 216 1283 120,
243 1241 296 1277 14.
326 1243 409 1275 Vide
433 1253 558 1286 qnoque
582 1241 749 1285 AmpelaS.

91 1286 249 1328 Simeon,
286 1287 504 1331 Bulgarorum
539 1298 619 1327 rex,
662 1286 782 1319 bellum

136 1332 279 1366 Graecis
311 1332 414 1366 infert
439 1334 526 1373 123,
559 1331 592 1366 4.
620 1332 682 1364 sub
713 1331 784 1364 Ζοέ

137 1378 292 1421 Augusta
314 1379 518 1422 insperatam
539 1376 712 1410 victoriam
729 1387 785 1410 re-

137 1423 208 1456 fert
230 1435 272 1456 ex
296 1423 454 1457 Romanis
478 1421 561 1463 124,
586 1424 617 1457 6.

93 1466 258 1501 Simeonis
275 1468 485 1513 Logothetae
497 1467 698 1506 chronicon,
716 1477 786 1499 ma-

138 1513 228 1546 xima
253 1521 350 1558 parte
373 1514 558 1554 ineditum,
591 1513 627 1546 in
658 1512 786 1545 Codice

138 1557 246 1602 Regio
265 1558 376 1600 XXII,
403 1560 456 1593 19.
475 1559 646 1592 historiam
663 1557 786 1590 Leonis

138 1603 284 1637 Diaconi
294 1615 393 1648 saepe
401 1604 548 1637 illustrat
556 1603 716 1642 XXVIII,
727 1604 784 1637 27.

139 1648 276 1682 Simeon
307 1649 473 1692 Magister
509 1654 544 1681 et
578 1648 786 1691 Logotheta‚

139 1693 253 1727 clarus
271 1695 464 1737 astrologus
482 1694 543 1726 sub
560 1693 685 1726 Ioanne
702 1692 786 1726 'I'zi-

138 1738 244 1774 misce
269 1739 351 1783 Imp.
378 1740 460 1778 169,
482 1740 515 1774 5.
539 1738 692 1771 diversus
713 1748 788 1770 esse

140 1784 245 1818 debet
278 1796 299 1817 a
323 1784 478 1817 simeone
504 1784 716 1826 Logotheta,
756 1794 788 1815 a.

138 1829 219 1864 904.
253 1830 295 1863 ad
320 1831 508 1863 Saracenos
536 1828 714 1861 Cretenses
740 1827 789 1860 le-

139 1880 232 1953 flato.
257 1875 384 1908 Confer
400 1874 532 1908 Harles.
554 1873 642 1907 Bibl.
663 1875 789 1907 Graec.

95 1964 231 1999 Simeon
250 1964 488 2010 Metaphrasta
505 1963 692 1997 illustratus
710 1959 789 2005 484,

94 2055 231 2090 Simeon
250 2055 412 2101 patricius
433 2060 468 2088 et
495 2054 619 2099 primus
639 2064 658 2086 a
679 2063 791 2085 secre-

142 2101 199 2142 tis,
223 2102 358 2145 Iosephi
378 2100 574 2134 cubicularii
597 2098 726 2142 collega
753 2097 789 2130 in

97 2191 124 2224 s
141 2147 508 2225 psri’n‘issffltiffinemffiiggtr
511 2143 789 2223 ³542i>21u3ii⁵rae

144 2238 267 2271 trensis
290 2239 367 2272 609.

97 2281 135 2315 in
152 2281 224 2315 loco
246 2283 288 2316 de
307 2283 343 2316 S.
367 2282 522 2316 Simeone
548 2280 673 2324 Stylita
699 2278 791 2323 apud

143 2327 302 2360 Photium
330 2327 488 2361 iocularis
512 2337 607 2360 error
637 2326 792 2359 Andreae

145 2373 280 2406 Schotti
300 2373 382 2412 511,
403 2371 458 2407 44.

100 2416 206 2451 Simia
234 2429 306 2451 cum
334 2418 474 2462 gigante
504 2429 681 2463 pugnans,
714 2428 792 2463 pro-

145 2463 294 2496 verbium
317 2464 372 2504 37,
400 2464 433 2497 7.

99 2507 281 2551 Singulare
299 2514 466 2541 certamen
484 2509 579 2542 ducis
590 2509 792 2553 Scytharum

146 2559 183 2586 et
204 2553 301 2586 Petri
323 2553 460 2598 patricii
483 2556 567 2595 107,
590 2556 646 2589 21.

101 2598 290 2642 Singularis
310 2598 417 2639 verbi,
434 2609 507 2632 cum
523 2600 654 2634 nomine
671 2598 793 2644 plurali

146 2643 302 2677 feminino
328 2644 405 2684 117,
428 2645 461 2678 6.

102 2689 282 2733 Σκευωραῖ
305 2693 340 2722 et
361 2686 619 2732 ἐνσκευάζομαι
635 2689 723 2734 apud
738 2689 791 2722 Io-

147 2734 285 2778 sephum
313 2734 430 2769 eadem
445 2733 690 2779 significatione
711 2732 791 2775 474,

148 2777 204 2814 45.

831 269 947 308 Σκιᾶς
968 265 1126 303 εἰδώλων
1154 264 1263 309 οὐδὲν
1290 266 1525 317 ὃιαφέρονέες

877 315 1063 348 Tarsenses
1085 314 1215 347 obsessi
1245 317 1306 357 60,
1340 319 1393 352 11.
1419 319 1524 354 vitam

875 362 1022 439 ngstram
1040 371 1114 393 esse
1133 358 1238 394 σκιάν
1255 362 1316 396 καὶ
1333 359 1423 407 ὄναρ
1445 360 1523 406 164,

831 448 979 495 Σκληροὶ
1002 453 1037 483 et
1059 448 1182 493 σκιερὰ
1207 450 1346 492 confusa
1368 452 1447 495 497,
1471 454 1526 491 14.

833 494 979 532 Σκοπιά
1011 499 1046 528 et
1077 493 1240 531 ἄποπτον
1272 497 1452 542 iunguntur
1481 501 1525 535 ab

879 539 1067 576 oratoribus
1089 540 1169 582 439,
1197 543 1230 576 9.

833 586 984 623 Σκοπὸν
1006 598 1182 630 perperam
1203 587 1363 633 scriptum
1380 600 1443 634 pro
1460 588 1530 626 κό-·

878 647 950 669 πον
976 633 1050 672 195,
1072 631 1129 668 24.
1342 665 1345 670 ,

833 679 1000 759 Σκυθῶιὲ
1015 676 1136 722 ῥήσεις
1153 678 1365 724 proverbium
1387 679 1443 722 45,
1471 682 1527 717 12.

835 770 1041 815 Smaragdos
1067 768 1102 802 in
1130 769 1254 814 Gange
1276 768 1414 804 flumine
1431 770 1530 807 inve-

877 815 967 848 nitur
992 817 1067 854 130,
1091 815 1125 849 5.

817 861 1029 909 ’ὃοίοεεῐεηιί
1048 860 1240 904 frequentes
1255 859 1290 893 in
1312 860 1396 894 libro
1421 860 1529 897 Nice-

878 906 976 951 phori
997 906 1038 939 de
1060 905 1213 938 Tacticis
1235 905 1345 950 XXV,
1369 907 1426 941 31.
1446 905 1526 948 184,

880 953 915 986 3.
939 953 1017 992 222,
1041 948 1095 985 14.
1117 950 1197 990 247,
1218 949 1252 984 4.

836 1003 984 1053 Sophiae
1018 1012 1154 1052 portuS‚
1184 1007 1220 1040 iu
1254 1009 1352 1051 parte
1388 1007 1527 1041 australi

883 1054 979 1098 Cplis
1002 1055 1057 1095 83,
1080 1054 1137 1088 23.

834 1111 871 1145 in
899 1112 934 1144 S.
960 1111 1107 1155 Sophiae
1132 1109 1288 1153 templum
1315 1108 1529 1153 Nicephorus

881 1157 1038 1196 Phocas,
1062 1155 1200 1198 Iosephi
1226 1154 1376 1198 Bringae
1393 1154 1532 1187 insidias

881 1202 1021 1241 veritus,
1045 1212 1081 1233 se
1098 1199 1234 1232 coniicit
1251 1201 1309 1239 32,
1340 1201 1391 1234 17.
1416 1199 1532 1232 eodem

882 1247 1034 1289 confugit
1058 1246 1188 1278 Bardas
1205 1244 1336 1277 l’hocas
1353 1245 1530 1288 magister,

847 1319 849 1321 μ
882 1292 952 1325 filio
973 1291 1157 1324 rebellante
1175 1290 1231 1330 46,
1255 1289 1287 1323 4.
1313 1295 1369 1331 et,
1393 1291 1454 1323 hoc
1477 1289 1532 1322 vi-

884 1343 998 1377 ctore,
1028 1336 1191 1379 Iosephus
1224 1335 1368 1378 Bringas
1394 1333 1450 1374 47,
1478 1337 1533 1369 11.

883 1383 918 1416 in
943 1383 980 1415 S.
1010 1381 1140 1425 Sophia
1166 1380 1377 1423 Nicephorus
1401 1381 1533 1413 Phocas

885 1439 907 1461 a
930 1427 1112 1471 Polyeucto
1139 1426 1330 1469 patriarcha
1354 1429 1534 1458 coronatur

886 1472 942 1512 48,
962 1474 994 1507 6.
1011 1483 1116 1515 eoque
1134 1482 1250 1504 cruces
1261 1469 1362 1503 Tarsi
1378 1475 1535 1513 receptas

886 1518 1026 1562 deponit
1038 1519 1094 1557 61,
1107 1518 1138 1551 7.
1151 1516 1183 1549 iu
1196 1518 1351 1549 Sanctam
1360 1516 1532 1559 Sophiam,

887 1563 1004 1598 audita
1024 1561 1139 1596 fratris
1166 1573 1269 1599 nece,
1293 1561 1442 1604 perfugit
1466 1561 1536 1593 Leo

888 1608 1111 1652 Curopalates
1144 1608 1210 1647 95,
1255 1608 1307 1640 18.
1345 1602 1536 1649 ingreditur

889 1654 1030 1687 Ioannes
1038 1652 1237 1692 Tzimisces,
1253 1657 1291 1683 ut
1309 1662 1329 1684 a
1343 1651 1537 1694 patriarcha

889 1711 931 1732 ex
954 1710 1043 1732 more
1062 1703 1239 1731 coronetur
1256 1698 1312 1736 98,
1336 1699 1390 1730 10.
1418 1706 1537 1740 preces

889 1744 937 1777 ibi
954 1743 1105 1776 solennes
1121 1742 1205 1776 facit
1222 1743 1298 1782 129,
1321 1738 1355 1774 4.
1382 1751 1434 1781 eo,
1457 1752 1538 1774 con-

890 1789 1075 1833 spiratione
1093 1788 1273 1832 patefacta.
1297 1786 1451 1829 confugit
1469 1786 1538 1819 Leo

891 1834 1111 1878 Curopalates
1138 1844 1210 1865 cum
1241 1832 1436 1875 Nicephoro
1466 1831 1536 1864 filio

890 1878 976 1919 147,
1006 1881 1057 1914 16.
1089 1877 1227 1912 eandem
1251 1877 1460 1921 triumphans
1483 1877 1538 1910 in-

890 1924 1045 1968 greditur
1074 1923 1214 1956 Ioannes
1242 1921 1429 1956 'rzimisces
1452 1922 1536 1966 Imp.

893 1971 976 2010 158,
1000 1970 1055 2004 20.
1079 1970 1115 2002 S.
1140 1968 1287 2012 Sophiae
1307 1967 1417 2000 tholus
1436 1979 1536 2011 supe-

891 2015 974 2056 rior,
999 2025 1069 2047 cum
1088 2013 1216 2054 absida,
1239 2018 1350 2046 terrae
1368 2017 1457 2045 motu
1476 2014 1538 2046 de-

890 2061 1000 2094 iectus
1033 2061 1117 2100 125,
1147 2060 1202 2093 22.
1238 2057 1472 2102 hemisphaerii
1501 2057 1535 2089 in

889 2105 1037 2139 ecclesia
1075 2106 1112 2138 S.
1147 2104 1294 2148 Sophiae
1334 2103 1442 2147 ampla
1476 2102 1537 2135 de-

890 2150 1030 2195 scriptio
1041 2151 1120 2190 511,
1138 2150 1192 2183 20.
1212 2150 1247 2182 in
1260 2148 1372 2182 eadem
1394 2147 1536 2181 ecclesia.

887 2197 1056 2230 ambonem
1101 2194 1286 2228 ascendunt
1315 2194 1536 2226 Romanorum

887 2242 1109 2286 imperatores
1134 2251 1243 2274 rerum
1271 2238 1388 2283 potiti,
1422 2249 1440 2271 a
1473 2248 1536 2281 pa-

889 2287 1108 2330 triarchaque
1145 2289 1346 2320 coronantur
1373 2284 1441 2323 98,
1480 2283 1534 2318 12.

897 2333 981 2365 Vide
1004 2343 1130 2375 quoquc
1152 2330 1317 2364 Ecclesia.

846 2388 881 2422 in
900 2388 973 2421 loco
994 2387 1036 2421 de
1055 2387 1244 2433 Sophronio
1263 2383 1351 2429 apud
1379 2381 1535 2415 Photium

892 2445 988 2467 error
1010 2433 1164 2467 Andreae
1186 2429 1316 2465 schotti
1338 2429 1422 2467 512,
1446 2427 1479 2461 5.

848 2490 964 2537 Spado
989 2490 1105 2568 Ἃρειῃιιιί
1128 2487 1316 2563 Tzimigcae
1336 2486 1537 2563 Imgb‘yenz-

1179 2544 1237 2565 rae
1262 2541 1351 2564 uisse
1527 2553 1537 2562 ,

892 2547 998 2626 ἓέιιιῐιιὴ
1007 2545 1293 2613 Ii‘dlsitiffusllhlothus
1303 2575 1360 2627 94,
1378 2575 1413 2627 3.
1431 2554 1537 2618 spado

891 2626 1035 2661 Nicetas
1061 2623 1241 2667 patricius,
1267 2620 1364 2653 classi
1384 2630 1418 2652 in
1437 2630 1540 2662 expe-

890 2671 1016 2704 ditione
1043 2668 1157 2700 Sicula
1182 2666 1373 2711 praefectus
1395 2664 1458 2704 65,
1482 2665 1537 2699 21.

891 2715 1056 2749 Nicolaus
1072 2712 1248 2758 patricius,
1271 2722 1292 2743 a
1313 2709 1438 2743 Ioanne
1455 2709 1541 2742 Tzi-

891 2759 993 2794 misce
1003 2758 1085 2804 Imp.
1104 2762 1220 2793 contra
1228 2755 1358 2790 Arabes
1370 2754 1405 2788 in
1415 2753 1541 2788 Orien-
