<?xml version="1.0" encoding="UTF-8"?>
<!DOCTYPE html PUBLIC "-//W3C//DTD XHTML 1.0 Transitional//EN"
    "http://www.w3.org/TR/xhtml1/DTD/xhtml1-transitional.dtd">
<html xmlns="http://www.w3.org/1999/xhtml" xml:lang="en" lang="en">
 <head>
  <title>
</title>
<meta http-equiv="Content-Type" content="text/html;charset=utf-8" />
  <meta name='ocr-system' content='tesseract 3.04.00' />
  <meta name='ocr-capabilities' content='ocr_page ocr_carea ocr_par ocr_line ocrx_word'/>
</head>
<body>
  <div class='ocr_page' id='page_1' title='image "./corpusscriptorum33niebuoft/corpusscriptorum33niebuoft_0552.png"; bbox 0 0 1734 3028; ppageno 0'>
   <div class='ocr_carea' id='block_1_1' title="bbox 281 126 1291 185">
    <p class='ocr_par' dir='ltr' id='par_1_1' title="bbox 281 126 1291 185">
     <span class='ocr_line' id='line_1_1' title="bbox 281 126 1291 185; baseline 0.002 -2"><span class='ocrx_word' id='word_1_1' title='bbox 281 134 380 183; x_wconf 83' lang='lat'><strong><em>508</em></strong></span> <span class='ocrx_word' id='word_1_2' title='bbox 726 126 780 183; x_wconf 65' lang='grc' dir='ltr'><strong><em>εξ</em></strong></span> <span class='ocrx_word' id='word_1_3' title='bbox 805 126 851 183; x_wconf 83' lang='grc' dir='ltr'><strong><em>Β.</em></strong></span> <span class='ocrx_word' id='word_1_4' title='bbox 859 126 862 129; x_wconf 77' lang='grc'>’</span> <span class='ocrx_word' id='word_1_5' title='bbox 881 127 1044 185; x_wconf 77' lang='lat' dir='ltr'>HAsll&#39;</span> <span class='ocrx_word' id='word_1_6' title='bbox 1061 126 1291 185; x_wconf 71' lang='lat' dir='ltr'><strong>NOTAE</strong></span> 
     </span>
    </p>
   </div>
   <div class='ocr_carea' id='block_1_2' title="bbox 125 230 1728 2422">
    <p class='ocr_par' dir='ltr' id='par_1_2' title="bbox 125 230 1728 2422">
     <span class='ocr_line' id='line_1_2' title="bbox 281 230 1722 315; baseline -0.001 -28"><span class='ocrx_word' id='word_1_7' title='bbox 281 247 372 300; x_wconf 87' lang='grc' dir='ltr'><strong><em>ρίου</em></strong></span> <span class='ocrx_word' id='word_1_8' title='bbox 386 230 630 315; x_wconf 79' lang='grc' dir='ltr'><strong><em>κρεμαμένης</em></strong></span> <span class='ocrx_word' id='word_1_9' title='bbox 647 241 820 293; x_wconf 67' lang='grc' dir='ltr'><strong><em>ἁλύσεως</em></strong></span> <span class='ocrx_word' id='word_1_10' title='bbox 839 231 1014 296; x_wconf 78' lang='grc' dir='ltr'><strong><em>σιδηρᾶς,</em></strong></span> <span class='ocrx_word' id='word_1_11' title='bbox 1026 232 1104 294; x_wconf 75' lang='grc' dir='ltr'><strong><em>ἐξ</em></strong></span> <span class='ocrx_word' id='word_1_12' title='bbox 1064 261 1125 315; x_wconf 88' lang='grc' dir='ltr'><strong><em>ης</em></strong></span> <span class='ocrx_word' id='word_1_13' title='bbox 1131 232 1376 315; x_wconf 77' lang='grc' dir='ltr'><strong><em>πολυφωτός</em></strong></span> <span class='ocrx_word' id='word_1_14' title='bbox 1386 260 1444 294; x_wconf 82' lang='grc' dir='ltr'><strong><em>τις</em></strong></span> <span class='ocrx_word' id='word_1_15' title='bbox 1458 241 1679 315; x_wconf 75' lang='grc' dir='ltr'><strong><em>απῃωρεῖτο</em></strong></span> <span class='ocrx_word' id='word_1_16' title='bbox 1687 249 1722 298; x_wconf 88' lang='lat'><strong><em>*)</em></strong></span> 
     </span>
     <span class='ocr_line' id='line_1_3' title="bbox 283 297 1723 371; baseline -0.001 -29"><span class='ocrx_word' id='word_1_17' title='bbox 283 302 352 343; x_wconf 86' lang='grc' dir='ltr'><strong><em>καὶ</em></strong></span> <span class='ocrx_word' id='word_1_18' title='bbox 379 298 568 371; x_wconf 79' lang='grc' dir='ltr'><strong><em>αργύρεος</em></strong></span> <span class='ocrx_word' id='word_1_19' title='bbox 586 304 801 352; x_wconf 87' lang='grc' dir='ltr'><strong><em>τηνικαῦτα</em></strong></span> <span class='ocrx_word' id='word_1_20' title='bbox 818 299 985 353; x_wconf 79' lang='grc' dir='ltr'><strong><em>κρατήρ·</em></strong></span> <span class='ocrx_word' id='word_1_21' title='bbox 1018 297 1075 341; x_wconf 84' lang='grc' dir='ltr'><strong><em>δι’</em></strong></span> <span class='ocrx_word' id='word_1_22' title='bbox 1098 317 1170 350; x_wconf 90' lang='grc' dir='ltr'><strong><em>ου,</em></strong></span> <span class='ocrx_word' id='word_1_23' title='bbox 1199 302 1314 353; x_wconf 84' lang='grc' dir='ltr'><strong><em>δίκην</em></strong></span> <span class='ocrx_word' id='word_1_24' title='bbox 1343 303 1547 354; x_wconf 81' lang='grc' dir='ltr'><strong><em>σμίλακος,</em></strong></span> <span class='ocrx_word' id='word_1_25' title='bbox 1577 300 1622 342; x_wconf 77' lang='grc' dir='ltr'><strong><em>τό</em></strong></span> <span class='ocrx_word' id='word_1_26' title='bbox 1641 304 1723 354; x_wconf 83' lang='grc' dir='ltr'><strong><em>πῦρ</em></strong></span> 
     </span>
     <span class='ocr_line' id='line_1_4' title="bbox 281 354 1724 425; baseline -0.001 -26"><span class='ocrx_word' id='word_1_27' title='bbox 281 355 534 411; x_wconf 83' lang='grc' dir='ltr'><strong><em>ανανεμηθὲν</em></strong></span> <span class='ocrx_word' id='word_1_28' title='bbox 558 354 717 408; x_wconf 73' lang='grc' dir='ltr'><strong><em>φθάσαι</em></strong></span> <span class='ocrx_word' id='word_1_29' title='bbox 735 372 811 409; x_wconf 84' lang='grc' dir='ltr'><strong><em>την</em></strong></span> <span class='ocrx_word' id='word_1_30' title='bbox 835 355 1012 409; x_wconf 85' lang='grc' dir='ltr'><strong><em>ὄροφην,</em></strong></span> <span class='ocrx_word' id='word_1_31' title='bbox 1040 356 1109 398; x_wconf 85' lang='grc' dir='ltr'><strong><em>καὶ</em></strong></span> <span class='ocrx_word' id='word_1_32' title='bbox 1123 372 1217 405; x_wconf 88' lang='grc' dir='ltr'><strong><em>τους</em></strong></span> <span class='ocrx_word' id='word_1_33' title='bbox 1236 357 1500 425; x_wconf 79' lang='grc' dir='ltr'><strong><em>καλουμένους</em></strong></span> <span class='ocrx_word' id='word_1_34' title='bbox 1517 355 1724 405; x_wconf 77' lang='grc' dir='ltr'><strong><em>καλᾶθους</em></strong></span> 
     </span>
     <span class='ocr_line' id='line_1_5' title="bbox 279 410 1723 480; baseline -0.001 -26"><span class='ocrx_word' id='word_1_35' title='bbox 279 412 424 467; x_wconf 71' lang='grc' dir='ltr'><strong><em>ἤρξατο</em></strong></span> <span class='ocrx_word' id='word_1_36' title='bbox 451 411 752 465; x_wconf 83' lang='grc' dir='ltr'><strong><em>περιτεφροῦν)·</em></strong></span> <span class='ocrx_word' id='word_1_37' title='bbox 784 410 834 464; x_wconf 85' lang='grc' dir='ltr'><strong><em>δὴ</em></strong></span> <span class='ocrx_word' id='word_1_38' title='bbox 854 416 912 465; x_wconf 85' lang='lat'><strong><em>**)</em></strong></span> <span class='ocrx_word' id='word_1_39' title='bbox 935 410 1015 454; x_wconf 73' lang='grc' dir='ltr'><strong><em>τότε</em></strong></span> <span class='ocrx_word' id='word_1_40' title='bbox 1043 411 1166 463; x_wconf 81' lang='grc' dir='ltr'><strong><em>τινὲς,</em></strong></span> <span class='ocrx_word' id='word_1_41' title='bbox 1186 410 1566 480; x_wconf 67' lang='grc' dir='ltr'><strong><em>ἀεροδρομήσαντες.</em></strong></span> <span class='ocrx_word' id='word_1_42' title='bbox 1563 410 1723 465; x_wconf 83' lang='grc' dir='ltr'><strong><em>.ευκινή-</em></strong></span> 
     </span>
     <span class='ocr_line' id='line_1_6' title="bbox 279 465 1725 539; baseline -0.001 -28"><span class='ocrx_word' id='word_1_43' title='bbox 279 486 355 518; x_wconf 85' lang='grc' dir='ltr'><strong><em>τως</em></strong></span> <span class='ocrx_word' id='word_1_44' title='bbox 373 468 449 523; x_wconf 81' lang='lat'>***)</span> <span class='ocrx_word' id='word_1_45' title='bbox 471 466 570 510; x_wconf 76' lang='grc' dir='ltr'><strong><em>κατὰ</em></strong></span> <span class='ocrx_word' id='word_1_46' title='bbox 592 471 673 509; x_wconf 79' lang='grc' dir='ltr'><strong><em>τῶν</em></strong></span> <span class='ocrx_word' id='word_1_47' title='bbox 693 469 834 519; x_wconf 78' lang='grc' dir='ltr'><strong><em>δοκῶν,</em></strong></span> <span class='ocrx_word' id='word_1_48' title='bbox 864 467 938 509; x_wconf 80' lang='grc' dir='ltr'><strong><em>σῦν</em></strong></span> <span class='ocrx_word' id='word_1_49' title='bbox 951 465 1125 523; x_wconf 67' lang='grc' dir='ltr'><strong><em>ἀγγείοις</em></strong></span> <span class='ocrx_word' id='word_1_50' title='bbox 1135 470 1316 510; x_wconf 82' lang='grc' dir='ltr'><strong><em>πλείοσιν</em></strong></span> <span class='ocrx_word' id='word_1_51' title='bbox 1327 466 1598 539; x_wconf 78' lang='grc' dir='ltr'><strong><em>ῦδατοφόροις</em></strong></span> <span class='ocrx_word' id='word_1_52' title='bbox 1619 471 1725 510; x_wconf 86' lang='grc' dir='ltr'><strong><em>Θεοῦ</em></strong></span> 
     </span>
     <span class='ocr_line' id='line_1_7' title="bbox 283 523 1725 594; baseline -0.001 -27"><span class='ocrx_word' id='word_1_53' title='bbox 283 528 468 581; x_wconf 81' lang='grc' dir='ltr'><strong><em>συνεργία</em></strong></span> <span class='ocrx_word' id='word_1_54' title='bbox 485 523 767 594; x_wconf 78' lang='grc' dir='ltr'><strong><em>περιεγένοντο</em></strong></span> <span class='ocrx_word' id='word_1_55' title='bbox 771 528 845 565; x_wconf 89' lang='grc' dir='ltr'><strong><em>τοῦ</em></strong></span> <span class='ocrx_word' id='word_1_56' title='bbox 863 528 1056 578; x_wconf 86' lang='grc' dir='ltr'><strong><em>φλογμοῦ.</em></strong></span> <span class='ocrx_word' id='word_1_57' title='bbox 1114 524 1189 577; x_wconf 93' lang='grc' dir='ltr'><strong>(Β.)</strong></span> <span class='ocrx_word' id='word_1_58' title='bbox 1223 523 1338 565; x_wconf 91' lang='grc' dir='ltr'><strong><em>Μετα</em></strong></span> <span class='ocrx_word' id='word_1_59' title='bbox 1353 529 1466 578; x_wconf 87' lang='grc' dir='ltr'><strong><em>γοῦν</em></strong></span> <span class='ocrx_word' id='word_1_60' title='bbox 1476 528 1621 575; x_wconf 86' lang='grc' dir='ltr'><strong><em>ταῦτα,</em></strong></span> <span class='ocrx_word' id='word_1_61' title='bbox 1650 527 1725 566; x_wconf 86' lang='grc' dir='ltr'><strong><em>τοῦ</em></strong></span> 
     </span>
     <span class='ocr_line' id='line_1_8' title="bbox 244 577 1721 652; baseline -0.001 -29"><span class='ocrx_word' id='word_1_62' title='bbox 244 580 471 634; x_wconf 78' lang='grc' dir='ltr'><strong><em>Βπλήθους</em></strong></span> <span class='ocrx_word' id='word_1_63' title='bbox 487 584 565 621; x_wconf 80' lang='grc' dir='ltr'><strong><em>τῶν</em></strong></span> <span class='ocrx_word' id='word_1_64' title='bbox 580 579 702 632; x_wconf 87' lang='grc' dir='ltr'><strong><em>όχλων</em></strong></span> <span class='ocrx_word' id='word_1_65' title='bbox 718 596 765 621; x_wconf 92' lang='grc' dir='ltr'><strong><em>ου</em></strong></span> <span class='ocrx_word' id='word_1_66' title='bbox 756 578 1080 652; x_wconf 85' lang='grc' dir='ltr'><strong><em>’διεγχωροῦντος</em></strong></span> <span class='ocrx_word' id='word_1_67' title='bbox 1087 579 1199 634; x_wconf 84' lang='lat'><strong>****),</strong></span> <span class='ocrx_word' id='word_1_68' title='bbox 1229 577 1307 621; x_wconf 90' lang='grc' dir='ltr'><strong><em>α’λλ’</em></strong></span> <span class='ocrx_word' id='word_1_69' title='bbox 1304 580 1578 651; x_wconf 81' lang='grc' dir='ltr'><strong><em>ἐπιμένοντος</em></strong></span> <span class='ocrx_word' id='word_1_70' title='bbox 1591 581 1721 629; x_wconf 76' lang='grc' dir='ltr'><strong><em>ἔνδον,</em></strong></span> 
     </span>
     <span class='ocr_line' id='line_1_9' title="bbox 280 633 1724 706; baseline -0.001 -27"><span class='ocrx_word' id='word_1_71' title='bbox 280 639 348 680; x_wconf 84' lang='grc' dir='ltr'><strong><em>καὶ</em></strong></span> <span class='ocrx_word' id='word_1_72' title='bbox 368 641 447 678; x_wconf 72' lang='grc' dir='ltr'><strong><em>τῶν</em></strong></span> <span class='ocrx_word' id='word_1_73' title='bbox 472 633 820 688; x_wconf 73' lang='grc' dir='ltr'><strong><em>ἄποσοβουντων</em></strong></span> <span class='ocrx_word' id='word_1_74' title='bbox 799 653 826 689; x_wconf 84' lang='grc' dir='ltr'><strong><em>η</em></strong></span> <span class='ocrx_word' id='word_1_75' title='bbox 854 637 921 678; x_wconf 82' lang='grc' dir='ltr'><strong><em>καὶ</em></strong></span> <span class='ocrx_word' id='word_1_76' title='bbox 947 636 1167 706; x_wconf 69' lang='grc' dir='ltr'><strong><em>’ὑποχωρεῖν</em></strong></span> <span class='ocrx_word' id='word_1_77' title='bbox 1183 634 1250 677; x_wconf 88' lang='grc' dir='ltr'><strong><em>δια</em></strong></span> <span class='ocrx_word' id='word_1_78' title='bbox 1268 634 1313 678; x_wconf 89' lang='grc' dir='ltr'><strong><em>το</em></strong></span> <span class='ocrx_word' id='word_1_79' title='bbox 1337 635 1468 689; x_wconf 69' lang='grc' dir='ltr'><strong><em>ἄωρον</em></strong></span> <span class='ocrx_word' id='word_1_80' title='bbox 1488 640 1560 689; x_wconf 84' lang='grc' dir='ltr'><strong><em>τῆς</em></strong></span> <span class='ocrx_word' id='word_1_81' title='bbox 1580 634 1724 685; x_wconf 79' lang='grc' dir='ltr'><strong><em>νυκτὸς</em></strong></span> 
     </span>
     <span class='ocr_line' id='line_1_10' title="bbox 282 689 1724 763; baseline -0.001 -29"><span class='ocrx_word' id='word_1_82' title='bbox 282 690 532 745; x_wconf 81' lang='grc' dir='ltr'><strong><em>κελευόντων,</em></strong></span> <span class='ocrx_word' id='word_1_83' title='bbox 551 708 626 732; x_wconf 85' lang='grc' dir='ltr'><strong><em>ουκ</em></strong></span> <span class='ocrx_word' id='word_1_84' title='bbox 650 689 865 744; x_wconf 81' lang='grc' dir='ltr'><strong><em>ἰσχυόντων</em></strong></span> <span class='ocrx_word' id='word_1_85' title='bbox 884 697 1017 733; x_wconf 87' lang='grc' dir='ltr'><strong><em>πεῖσαι</em></strong></span> <span class='ocrx_word' id='word_1_86' title='bbox 1033 690 1107 745; x_wconf 80' lang='grc' dir='ltr'><strong><em>τὴν</em></strong></span> <span class='ocrx_word' id='word_1_87' title='bbox 1125 691 1301 745; x_wconf 77' lang='grc' dir='ltr'><strong><em>πληθυν,</em></strong></span> <span class='ocrx_word' id='word_1_88' title='bbox 1331 692 1418 741; x_wconf 84' lang='grc' dir='ltr'><strong><em>δέος</em></strong></span> <span class='ocrx_word' id='word_1_89' title='bbox 1429 692 1650 763; x_wconf 83' lang='grc' dir='ltr'><strong><em>υπεισῆλθέ</em></strong></span> <span class='ocrx_word' id='word_1_90' title='bbox 1662 708 1724 733; x_wconf 85' lang='grc' dir='ltr'><strong><em>τι-</em></strong></span> 
     </span>
     <span class='ocr_line' id='line_1_11' title="bbox 281 745 1723 818; baseline -0.001 -28"><span class='ocrx_word' id='word_1_91' title='bbox 281 766 354 797; x_wconf 91' lang='grc' dir='ltr'><strong><em>νας</em></strong></span> <span class='ocrx_word' id='word_1_92' title='bbox 372 752 451 789; x_wconf 77' lang='grc' dir='ltr'><strong><em>τῶν</em></strong></span> <span class='ocrx_word' id='word_1_93' title='bbox 481 747 713 818; x_wconf 79' lang='grc' dir='ltr'><strong><em>κηδομένων</em></strong></span> <span class='ocrx_word' id='word_1_94' title='bbox 740 751 814 789; x_wconf 91' lang='grc' dir='ltr'><strong><em>τοῦ</em></strong></span> <span class='ocrx_word' id='word_1_95' title='bbox 831 764 911 788; x_wconf 86' lang='grc' dir='ltr'><strong><em>παν</em></strong></span> <span class='ocrx_word' id='word_1_96' title='bbox 913 747 1055 789; x_wconf 88' lang='grc' dir='ltr'><strong><em>σέπτου</em></strong></span> <span class='ocrx_word' id='word_1_97' title='bbox 1082 752 1205 798; x_wconf 88' lang='grc' dir='ltr'><strong><em>ναοῦ,</em></strong></span> <span class='ocrx_word' id='word_1_98' title='bbox 1237 746 1303 815; x_wconf 83' lang='grc' dir='ltr'><strong><em>μή</em></strong></span> <span class='ocrx_word' id='word_1_99' title='bbox 1313 764 1415 797; x_wconf 86' lang='grc' dir='ltr'><strong><em>τινες</em></strong></span> <span class='ocrx_word' id='word_1_100' title='bbox 1436 745 1627 815; x_wconf 82' lang='grc' dir='ltr'><strong><em>αγνῶτες,</em></strong></span> <span class='ocrx_word' id='word_1_101' title='bbox 1656 745 1723 789; x_wconf 82' lang='grc' dir='ltr'><strong><em>δια</em></strong></span> 
     </span>
     <span class='ocr_line' id='line_1_12' title="bbox 280 800 1725 872; baseline 0 -26"><span class='ocrx_word' id='word_1_102' title='bbox 280 811 322 846; x_wconf 81' lang='grc' dir='ltr'><strong><em>τε</em></strong></span> <span class='ocrx_word' id='word_1_103' title='bbox 338 803 382 846; x_wconf 83' lang='grc' dir='ltr'>τό</span> <span class='ocrx_word' id='word_1_104' title='bbox 401 807 558 857; x_wconf 85' lang='grc' dir='ltr'><strong><em>πλῆθος</em></strong></span> <span class='ocrx_word' id='word_1_105' title='bbox 575 807 647 845; x_wconf 88' lang='grc' dir='ltr'><strong><em>τοῦ</em></strong></span> <span class='ocrx_word' id='word_1_106' title='bbox 665 802 803 872; x_wconf 78' lang='grc' dir='ltr'><strong><em>ὄχλου,</em></strong></span> <span class='ocrx_word' id='word_1_107' title='bbox 832 801 900 845; x_wconf 90' lang='grc' dir='ltr'><strong><em>δια</em></strong></span> <span class='ocrx_word' id='word_1_108' title='bbox 920 819 961 844; x_wconf 87' lang='grc' dir='ltr'><strong><em>τε</em></strong></span> <span class='ocrx_word' id='word_1_109' title='bbox 978 820 1021 844; x_wconf 88' lang='grc' dir='ltr'><strong><em>το</em></strong></span> <span class='ocrx_word' id='word_1_110' title='bbox 1043 801 1170 844; x_wconf 82' lang='grc' dir='ltr'><strong><em>νύκτα</em></strong></span> <span class='ocrx_word' id='word_1_111' title='bbox 1185 820 1411 857; x_wconf 86' lang='grc' dir='ltr'><strong><em>τυγχανειν,</em></strong></span> <span class='ocrx_word' id='word_1_112' title='bbox 1440 800 1725 857; x_wconf 78' lang='grc' dir='ltr'><strong><em>ἐπιχειρήσαιεν</em></strong></span> 
     </span>
     <span class='ocr_line' id='line_1_13' title="bbox 281 856 1724 930; baseline -0.001 -28"><span class='ocrx_word' id='word_1_113' title='bbox 281 863 338 909; x_wconf 81' lang='grc' dir='ltr'><strong><em>εἷς</em></strong></span> <span class='ocrx_word' id='word_1_114' title='bbox 361 858 544 930; x_wconf 82' lang='grc' dir='ltr'><strong><em>αρπαγὴν</em></strong></span> <span class='ocrx_word' id='word_1_115' title='bbox 561 863 633 900; x_wconf 90' lang='grc' dir='ltr'><strong><em>τοῦ</em></strong></span> <span class='ocrx_word' id='word_1_116' title='bbox 652 856 841 929; x_wconf 82' lang='grc' dir='ltr'><strong><em>αργύρου,</em></strong></span> <span class='ocrx_word' id='word_1_117' title='bbox 872 857 922 901; x_wconf 82' lang='grc' dir='ltr'><strong><em>οῦ</em></strong></span> <span class='ocrx_word' id='word_1_118' title='bbox 940 863 1012 900; x_wconf 89' lang='grc' dir='ltr'><strong><em>τοῦ</em></strong></span> <span class='ocrx_word' id='word_1_119' title='bbox 1029 860 1366 912; x_wconf 84' lang='grc' dir='ltr'><strong><em>καταφλεχθέντος</em></strong></span> <span class='ocrx_word' id='word_1_120' title='bbox 1385 858 1511 913; x_wconf 88' lang='grc' dir='ltr'><strong><em>μόνον</em></strong></span> <span class='ocrx_word' id='word_1_121' title='bbox 1528 860 1645 913; x_wconf 78' lang='lat'><strong>*****)</strong></span> <span class='ocrx_word' id='word_1_122' title='bbox 1666 862 1724 916; x_wconf 72' lang='grc' dir='ltr'><strong><em>τῷ</em></strong></span> 
     </span>
     <span class='ocr_line' id='line_1_14' title="bbox 279 913 1723 986; baseline -0.001 -28"><span class='ocrx_word' id='word_1_123' title='bbox 279 934 388 967; x_wconf 88' lang='grc' dir='ltr'><strong><em>πυρι,</em></strong></span> <span class='ocrx_word' id='word_1_124' title='bbox 410 914 506 957; x_wconf 72' lang='grc' dir='ltr'><strong><em>ἄλλα</em></strong></span> <span class='ocrx_word' id='word_1_125' title='bbox 525 932 592 956; x_wconf 86' lang='grc' dir='ltr'><strong><em>και</em></strong></span> <span class='ocrx_word' id='word_1_126' title='bbox 615 914 763 963; x_wconf 85' lang='grc' dir='ltr'><strong><em>παντός</em></strong></span> <span class='ocrx_word' id='word_1_127' title='bbox 781 919 855 956; x_wconf 88' lang='grc' dir='ltr'><strong><em>τοῦ</em></strong></span> <span class='ocrx_word' id='word_1_128' title='bbox 869 916 1114 983; x_wconf 84' lang='grc' dir='ltr'><strong><em>κρεμαμένου</em></strong></span> <span class='ocrx_word' id='word_1_129' title='bbox 1129 914 1230 983; x_wconf 87' lang='grc' dir='ltr'><strong><em>προς</em></strong></span> <span class='ocrx_word' id='word_1_130' title='bbox 1249 913 1467 968; x_wconf 72' lang='grc' dir='ltr'><strong><em>εὐκοσμίαν</em></strong></span> <span class='ocrx_word' id='word_1_131' title='bbox 1480 920 1553 969; x_wconf 83' lang='grc' dir='ltr'><strong><em>τῆς</em></strong></span> <span class='ocrx_word' id='word_1_132' title='bbox 1570 916 1723 986; x_wconf 76' lang='grc' dir='ltr'><strong><em>ἑορτῆς.</em></strong></span> 
     </span>
     <span class='ocr_line' id='line_1_15' title="bbox 279 968 1723 1026; baseline 0 -13"><span class='ocrx_word' id='word_1_133' title='bbox 279 973 362 1013; x_wconf 86' lang='grc' dir='ltr'><strong><em>Καὶ</em></strong></span> <span class='ocrx_word' id='word_1_134' title='bbox 382 971 432 1025; x_wconf 83' lang='grc' dir='ltr'><strong><em>δη</em></strong></span> <span class='ocrx_word' id='word_1_135' title='bbox 454 969 767 1024; x_wconf 80' lang='grc' dir='ltr'><strong><em>βουλευσάμενος</em></strong></span> <span class='ocrx_word' id='word_1_136' title='bbox 785 968 840 1020; x_wconf 86' lang='grc' dir='ltr'><strong><em>εἷς</em></strong></span> <span class='ocrx_word' id='word_1_137' title='bbox 862 971 902 1024; x_wconf 82' lang='lat'><strong><em>†)</em></strong></span> <span class='ocrx_word' id='word_1_138' title='bbox 931 969 1290 1025; x_wconf 75' lang='grc' dir='ltr'><strong><em>ἄξιομνημόνευτος</em></strong></span> <span class='ocrx_word' id='word_1_139' title='bbox 1313 969 1440 1026; x_wconf 81' lang='grc' dir='ltr'><strong><em>ἇνηρ,</em></strong></span> <span class='ocrx_word' id='word_1_140' title='bbox 1469 973 1538 1013; x_wconf 85' lang='grc' dir='ltr'><strong><em>καὶ</em></strong></span> <span class='ocrx_word' id='word_1_141' title='bbox 1559 988 1635 1026; x_wconf 87' lang='grc' dir='ltr'><strong><em>την</em></strong></span> <span class='ocrx_word' id='word_1_142' title='bbox 1661 973 1723 1013; x_wconf 76' lang='grc' dir='ltr'><strong><em>ἔν-</em></strong></span> 
     </span>
     <span class='ocr_line' id='line_1_16' title="bbox 278 1025 1724 1096; baseline 0 -27"><span class='ocrx_word' id='word_1_143' title='bbox 278 1044 393 1081; x_wconf 91' lang='grc' dir='ltr'><strong><em>τιμον</em></strong></span> <span class='ocrx_word' id='word_1_144' title='bbox 418 1029 620 1080; x_wconf 78' lang='grc' dir='ltr'><strong><em>στρατείαν</em></strong></span> <span class='ocrx_word' id='word_1_145' title='bbox 639 1031 711 1068; x_wconf 90' lang='grc' dir='ltr'><strong><em>τοῦ</em></strong></span> <span class='ocrx_word' id='word_1_146' title='bbox 730 1031 911 1068; x_wconf 86' lang='grc' dir='ltr'><strong><em>Δακικοῦ</em></strong></span> <span class='ocrx_word' id='word_1_147' title='bbox 939 1029 1184 1080; x_wconf 81' lang='grc' dir='ltr'><strong><em>καλουμένου</em></strong></span> <span class='ocrx_word' id='word_1_148' title='bbox 1205 1030 1384 1082; x_wconf 90' lang='grc' dir='ltr'><strong><em>σκρινίου</em></strong></span> <span class='ocrx_word' id='word_1_149' title='bbox 1412 1031 1493 1069; x_wconf 74' lang='grc' dir='ltr'><strong><em>τῶν</em></strong></span> <span class='ocrx_word' id='word_1_150' title='bbox 1519 1025 1724 1096; x_wconf 67' lang='grc' dir='ltr'><strong><em>ὑπερλαμ-</em></strong></span> 
     </span>
     <span class='ocr_line' id='line_1_17' title="bbox 278 1079 1722 1150; baseline 0 -25"><span class='ocrx_word' id='word_1_151' title='bbox 278 1101 392 1137; x_wconf 88' lang='grc' dir='ltr'><strong><em>πρων</em></strong></span> <span class='ocrx_word' id='word_1_152' title='bbox 418 1099 610 1136; x_wconf 87' lang='grc' dir='ltr'><strong><em>υπαρχων</em></strong></span> <span class='ocrx_word' id='word_1_153' title='bbox 637 1086 709 1124; x_wconf 90' lang='grc' dir='ltr'><strong><em>τοῦ</em></strong></span> <span class='ocrx_word' id='word_1_154' title='bbox 733 1079 945 1150; x_wconf 80' lang='grc' dir='ltr'><strong><em>Ἰλλυρικοῦ</em></strong></span> <span class='ocrx_word' id='word_1_155' title='bbox 976 1081 1295 1138; x_wconf 86' lang='grc' dir='ltr'><strong><em>στρατευόμενος,</em></strong></span> <span class='ocrx_word' id='word_1_156' title='bbox 1325 1084 1382 1132; x_wconf 86' lang='grc' dir='ltr'><strong><em>ως</em></strong></span> <span class='ocrx_word' id='word_1_157' title='bbox 1400 1099 1476 1125; x_wconf 85' lang='grc' dir='ltr'><strong><em>ουκ</em></strong></span> <span class='ocrx_word' id='word_1_158' title='bbox 1505 1084 1618 1125; x_wconf 72' lang='grc' dir='ltr'><strong><em>ἔσται</em></strong></span> <span class='ocrx_word' id='word_1_159' title='bbox 1631 1080 1722 1136; x_wconf 79' lang='grc' dir='ltr'><strong><em>τρό-</em></strong></span> 
     </span>
     <span class='ocr_line' id='line_1_18' title="bbox 125 1136 1722 1209; baseline 0.002 -32"><span class='ocrx_word' id='word_1_160' title='bbox 125 1144 166 1177; x_wconf 85' lang='grc' dir='ltr'><strong><em>Ρ.</em></strong></span> <span class='ocrx_word' id='word_1_161' title='bbox 191 1145 261 1181; x_wconf 72' lang='lat'><strong><em>262</em></strong></span> <span class='ocrx_word' id='word_1_162' title='bbox 283 1156 359 1188; x_wconf 86' lang='grc' dir='ltr'><strong><em>πος</em></strong></span> <span class='ocrx_word' id='word_1_163' title='bbox 389 1138 410 1181; x_wconf 86' lang='grc' dir='ltr'>ὁ</span> <span class='ocrx_word' id='word_1_164' title='bbox 434 1138 654 1192; x_wconf 86' lang='grc' dir='ltr'><strong><em>δυναμενος</em></strong></span> <span class='ocrx_word' id='word_1_165' title='bbox 681 1136 840 1188; x_wconf 76' lang='grc' dir='ltr'><strong><em>ἄλυπως</em></strong></span> <span class='ocrx_word' id='word_1_166' title='bbox 861 1156 928 1180; x_wconf 90' lang='grc' dir='ltr'><strong><em>και</em></strong></span> <span class='ocrx_word' id='word_1_167' title='bbox 949 1141 1273 1209; x_wconf 83' lang='grc' dir='ltr'><strong><em>εὐπροφασίστως</em></strong></span> <span class='ocrx_word' id='word_1_168' title='bbox 1291 1141 1492 1191; x_wconf 80' lang='grc' dir='ltr'><strong><em>ἑξωθῆσαι</em></strong></span> <span class='ocrx_word' id='word_1_169' title='bbox 1517 1138 1588 1181; x_wconf 79' lang='grc' dir='ltr'><strong><em>τόν</em></strong></span> <span class='ocrx_word' id='word_1_170' title='bbox 1605 1138 1722 1192; x_wconf 79' lang='grc' dir='ltr'><strong><em>ὄχλον</em></strong></span> 
     </span>
     <span class='ocr_line' id='line_1_19' title="bbox 275 1193 1722 1264; baseline -0.001 -26"><span class='ocrx_word' id='word_1_171' title='bbox 275 1197 320 1238; x_wconf 77' lang='grc' dir='ltr'><strong><em>ἐκ</em></strong></span> <span class='ocrx_word' id='word_1_172' title='bbox 336 1199 410 1236; x_wconf 92' lang='grc' dir='ltr'><strong><em>τοῦ</em></strong></span> <span class='ocrx_word' id='word_1_173' title='bbox 427 1199 548 1245; x_wconf 89' lang='grc' dir='ltr'><strong><em>ναοῦ,</em></strong></span> <span class='ocrx_word' id='word_1_174' title='bbox 578 1197 615 1236; x_wconf 83' lang='grc' dir='ltr'><strong><em>εἰ</em></strong></span> <span class='ocrx_word' id='word_1_175' title='bbox 629 1212 682 1245; x_wconf 88' lang='grc' dir='ltr'><strong><em>μη</em></strong></span> <span class='ocrx_word' id='word_1_176' title='bbox 705 1194 992 1264; x_wconf 79' lang='grc' dir='ltr'><strong><em>προφασίσοιτό</em></strong></span> <span class='ocrx_word' id='word_1_177' title='bbox 1010 1212 1069 1244; x_wconf 89' lang='grc' dir='ltr'><strong><em>τις</em></strong></span> <span class='ocrx_word' id='word_1_178' title='bbox 1086 1197 1292 1249; x_wconf 82' lang='grc' dir='ltr'><strong><em>αἰφνιδίαν</em></strong></span> <span class='ocrx_word' id='word_1_179' title='bbox 1310 1197 1378 1247; x_wconf 86' lang='grc' dir='ltr'>·Η-)</span> <span class='ocrx_word' id='word_1_180' title='bbox 1405 1193 1621 1250; x_wconf 83' lang='grc' dir='ltr'><strong><em>βαρβαρων</em></strong></span> <span class='ocrx_word' id='word_1_181' title='bbox 1637 1196 1722 1237; x_wconf 81' lang='grc' dir='ltr'><strong><em>ἐπι-</em></strong></span> 
     </span>
     <span class='ocr_line' id='line_1_20' title="bbox 278 1247 1722 1306; baseline -0.001 -13"><span class='ocrx_word' id='word_1_182' title='bbox 278 1250 455 1305; x_wconf 87' lang='grc' dir='ltr'><strong><em>δρομην,</em></strong></span> <span class='ocrx_word' id='word_1_183' title='bbox 484 1254 559 1291; x_wconf 89' lang='grc' dir='ltr'><strong><em>τοῦ</em></strong></span> <span class='ocrx_word' id='word_1_184' title='bbox 596 1247 833 1304; x_wconf 79' lang='grc' dir='ltr'><strong><em>αθλοφόρου</em></strong></span> <span class='ocrx_word' id='word_1_185' title='bbox 863 1250 938 1303; x_wconf 79' lang='grc' dir='ltr'><strong><em>τὴν</em></strong></span> <span class='ocrx_word' id='word_1_186' title='bbox 973 1252 1124 1294; x_wconf 74' lang='grc' dir='ltr'><strong><em>ἐκείνου</em></strong></span> <span class='ocrx_word' id='word_1_187' title='bbox 1159 1253 1326 1306; x_wconf 84' lang='grc' dir='ltr'><strong><em>καρδίαν</em></strong></span> <span class='ocrx_word' id='word_1_188' title='bbox 1359 1253 1416 1300; x_wconf 84' lang='grc' dir='ltr'><strong><em>εἶς</em></strong></span> <span class='ocrx_word' id='word_1_189' title='bbox 1453 1255 1572 1293; x_wconf 87' lang='grc' dir='ltr'><strong><em>τοῦτο</em></strong></span> <span class='ocrx_word' id='word_1_190' title='bbox 1603 1249 1722 1303; x_wconf 84' lang='grc' dir='ltr'><strong><em>κινή-</em></strong></span> 
     </span>
     <span class='ocr_line' id='line_1_21' title="bbox 278 1304 1728 1378; baseline -0.001 -30"><span class='ocrx_word' id='word_1_191' title='bbox 278 1321 430 1357; x_wconf 88' lang='grc' dir='ltr'><strong><em>σαντος,</em></strong></span> <span class='ocrx_word' id='word_1_192' title='bbox 461 1306 604 1360; x_wconf 81' lang='grc' dir='ltr'><strong><em>η’ρξατο</em></strong></span> <span class='ocrx_word' id='word_1_193' title='bbox 627 1309 749 1362; x_wconf 74' lang='grc' dir='ltr'><strong><em>βοᾷν·</em></strong></span> <span class='ocrx_word' id='word_1_194' title='bbox 779 1304 1010 1377; x_wconf 84' lang='grc' dir='ltr'><strong><em>,,Βαρβαροι</em></strong></span> <span class='ocrx_word' id='word_1_195' title='bbox 1031 1308 1142 1378; x_wconf 87' lang='grc' dir='ltr'><strong><em>περὶ</em></strong></span> <span class='ocrx_word' id='word_1_196' title='bbox 1140 1307 1183 1349; x_wconf 88' lang='grc' dir='ltr'>τὸ</span> <span class='ocrx_word' id='word_1_197' title='bbox 1188 1313 1371 1376; x_wconf 42' lang='grc' dir='ltr'><strong><em>θτεῖχος,</em></strong></span> <span class='ocrx_word' id='word_1_198' title='bbox 1377 1324 1409 1349; x_wconf 87' lang='grc' dir='ltr'><strong><em>ω</em></strong></span> <span class='ocrx_word' id='word_1_199' title='bbox 1443 1306 1585 1360; x_wconf 85' lang='grc' dir='ltr'><strong><em>ανδρες</em></strong></span> <span class='ocrx_word' id='word_1_200' title='bbox 1602 1309 1728 1349; x_wconf 78' lang='grc' dir='ltr'><strong><em>πολῖ-’</em></strong></span> 
     </span>
     <span class='ocr_line' id='line_1_22' title="bbox 277 1360 1722 1430; baseline -0.001 -25"><span class='ocrx_word' id='word_1_201' title='bbox 277 1380 361 1413; x_wconf 90' lang='grc' dir='ltr'><strong><em>ται,</em></strong></span> <span class='ocrx_word' id='word_1_202' title='bbox 391 1360 697 1430; x_wconf 77' lang='grc' dir='ltr'><strong><em>απροσδοκήτως</em></strong></span> <span class='ocrx_word' id='word_1_203' title='bbox 716 1361 942 1416; x_wconf 79' lang='grc' dir='ltr'><strong><em>ἕφανησαν·</em></strong></span> <span class='ocrx_word' id='word_1_204' title='bbox 973 1361 1071 1404; x_wconf 74' lang='grc' dir='ltr'><strong><em>ἄλλα</em></strong></span> <span class='ocrx_word' id='word_1_205' title='bbox 1092 1362 1167 1405; x_wconf 92' lang='grc' dir='ltr'><strong><em>συν</em></strong></span> <span class='ocrx_word' id='word_1_206' title='bbox 1186 1361 1323 1412; x_wconf 80' lang='grc' dir='ltr'><strong><em>ὅπλοις</em></strong></span> <span class='ocrx_word' id='word_1_207' title='bbox 1343 1361 1511 1413; x_wconf 68' lang='grc' dir='ltr'><strong><em>ἅπαντες</em></strong></span> <span class='ocrx_word' id='word_1_208' title='bbox 1526 1362 1627 1417; x_wconf 82' lang='grc' dir='ltr'><strong><em>υπὲρ</em></strong></span> <span class='ocrx_word' id='word_1_209' title='bbox 1647 1366 1722 1416; x_wconf 83' lang='grc' dir='ltr'><strong><em>τῆς</em></strong></span> 
     </span>
     <span class='ocr_line' id='line_1_23' title="bbox 276 1416 1723 1473; baseline -0.001 -12"><span class='ocrx_word' id='word_1_210' title='bbox 276 1421 464 1473; x_wconf 87' lang='grc' dir='ltr'><strong><em>πατρίδος</em></strong></span> <span class='ocrx_word' id='word_1_211' title='bbox 483 1416 700 1471; x_wconf 58' lang='grc' dir='ltr'><strong><em>ὁρμήσατε]</em></strong></span> <span class='ocrx_word' id='word_1_212' title='bbox 704 1419 830 1460; x_wconf 86' lang='grc' dir='ltr'><strong><em>’Καὶ</em></strong></span> <span class='ocrx_word' id='word_1_213' title='bbox 849 1423 972 1460; x_wconf 86' lang='grc' dir='ltr'><strong><em>ταῦτα</em></strong></span> <span class='ocrx_word' id='word_1_214' title='bbox 991 1419 1064 1472; x_wconf 84' lang='grc' dir='ltr'><strong><em>μὲν</em></strong></span> <span class='ocrx_word' id='word_1_215' title='bbox 1082 1420 1231 1468; x_wconf 79' lang='grc' dir='ltr'><strong><em>ἐκεῖνος</em></strong></span> <span class='ocrx_word' id='word_1_216' title='bbox 1247 1422 1375 1472; x_wconf 81' lang='grc' dir='ltr'><strong><em>δῆθεν</em></strong></span> <span class='ocrx_word' id='word_1_217' title='bbox 1394 1417 1487 1472; x_wconf 83' lang='grc' dir='ltr'><strong><em>ἐβόα</em></strong></span> <span class='ocrx_word' id='word_1_218' title='bbox 1503 1417 1723 1472; x_wconf 85' lang='grc' dir='ltr'><strong><em>πλαττόμε-</em></strong></span> 
     </span>
     <span class='ocr_line' id='line_1_24' title="bbox 276 1474 1722 1543; baseline -0.001 -26"><span class='ocrx_word' id='word_1_219' title='bbox 276 1492 360 1526; x_wconf 87' lang='grc' dir='ltr'><strong><em>νος,</em></strong></span> <span class='ocrx_word' id='word_1_220' title='bbox 381 1479 454 1515; x_wconf 90' lang='grc' dir='ltr'><strong><em>τοῦ</em></strong></span> <span class='ocrx_word' id='word_1_221' title='bbox 467 1474 556 1527; x_wconf 80' lang='lat'>†††)</span> <span class='ocrx_word' id='word_1_222' title='bbox 576 1475 775 1543; x_wconf 79' lang='grc' dir='ltr'><strong><em>ἐξαγαγεῖν</em></strong></span> <span class='ocrx_word' id='word_1_223' title='bbox 795 1491 888 1523; x_wconf 88' lang='grc' dir='ltr'><strong><em>τους</em></strong></span> <span class='ocrx_word' id='word_1_224' title='bbox 903 1474 1041 1527; x_wconf 77' lang='grc' dir='ltr'><strong><em>ὄχλους</em></strong></span> <span class='ocrx_word' id='word_1_225' title='bbox 1062 1476 1104 1516; x_wconf 80' lang='grc' dir='ltr'><strong><em>ἐκ</em></strong></span> <span class='ocrx_word' id='word_1_226' title='bbox 1126 1478 1199 1516; x_wconf 88' lang='grc' dir='ltr'><strong><em>τοῦ</em></strong></span> <span class='ocrx_word' id='word_1_227' title='bbox 1216 1479 1331 1522; x_wconf 86' lang='grc' dir='ltr'><strong><em>ναοῦ,</em></strong></span> <span class='ocrx_word' id='word_1_228' title='bbox 1348 1475 1417 1515; x_wconf 83' lang='grc' dir='ltr'><strong><em>καὶ</em></strong></span> <span class='ocrx_word' id='word_1_229' title='bbox 1432 1477 1722 1526; x_wconf 81' lang='grc' dir='ltr'><strong><em>κατασφαλίσαι</em></strong></span> 
     </span>
     <span class='ocr_line' id='line_1_25' title="bbox 276 1527 1720 1584; baseline 0.001 -12"><span class='ocrx_word' id='word_1_230' title='bbox 276 1548 369 1579; x_wconf 88' lang='grc' dir='ltr'><strong><em>τους</em></strong></span> <span class='ocrx_word' id='word_1_231' title='bbox 389 1534 614 1578; x_wconf 80' lang='grc' dir='ltr'><strong><em>πυλεωνας’</em></strong></span> <span class='ocrx_word' id='word_1_232' title='bbox 645 1546 699 1578; x_wconf 93' lang='grc' dir='ltr'><strong><em>ως</em></strong></span> <span class='ocrx_word' id='word_1_233' title='bbox 727 1527 780 1571; x_wconf 83' lang='grc' dir='ltr'><strong><em>ἆν</em></strong></span> <span class='ocrx_word' id='word_1_234' title='bbox 804 1527 899 1583; x_wconf 87' lang='grc' dir='ltr'><strong><em>μεθ’</em></strong></span> <span class='ocrx_word' id='word_1_235' title='bbox 918 1531 1083 1584; x_wconf 82' lang='grc' dir='ltr'><strong><em>ησυχίας</em></strong></span> <span class='ocrx_word' id='word_1_236' title='bbox 1107 1530 1138 1584; x_wconf 77' lang='grc' dir='ltr'><em>ἦ</em></span> <span class='ocrx_word' id='word_1_237' title='bbox 1156 1530 1324 1584; x_wconf 77' lang='grc' dir='ltr'><strong><em>συλλογή</em></strong></span> <span class='ocrx_word' id='word_1_238' title='bbox 1350 1534 1424 1571; x_wconf 89' lang='grc' dir='ltr'><strong><em>τοῦ</em></strong></span> <span class='ocrx_word' id='word_1_239' title='bbox 1448 1531 1720 1584; x_wconf 84' lang='grc' dir='ltr'><strong><em>χωνευθέντος</em></strong></span> 
     </span>
     <span class='ocr_line' id='line_1_26' title="bbox 279 1584 1722 1656; baseline 0 -28"><span class='ocrx_word' id='word_1_240' title='bbox 279 1584 456 1640; x_wconf 78' lang='grc' dir='ltr'><strong><em>ἇργυρου</em></strong></span> <span class='ocrx_word' id='word_1_241' title='bbox 466 1584 868 1654; x_wconf 87' lang='grc' dir='ltr'><strong><em>προσγένηται.Το</em></strong></span> <span class='ocrx_word' id='word_1_242' title='bbox 893 1585 935 1627; x_wconf 82' lang='grc' dir='ltr'><strong><em>δὲ</em></strong></span> <span class='ocrx_word' id='word_1_243' title='bbox 961 1588 1187 1643; x_wconf 84' lang='grc' dir='ltr'><strong><em>προμηθεία</em></strong></span> <span class='ocrx_word' id='word_1_244' title='bbox 1204 1584 1456 1656; x_wconf 80' lang='grc' dir='ltr'><strong><em>καθειστήκει</em></strong></span> <span class='ocrx_word' id='word_1_245' title='bbox 1473 1591 1548 1628; x_wconf 86' lang='grc' dir='ltr'><strong><em>τοῦ</em></strong></span> <span class='ocrx_word' id='word_1_246' title='bbox 1569 1603 1722 1628; x_wconf 86' lang='grc' dir='ltr'><strong><em>πανεν-</em></strong></span> 
     </span>
     <span class='ocr_line' id='line_1_27' title="bbox 242 1639 1721 1711; baseline 0.003 -30"><span class='ocrx_word' id='word_1_247' title='bbox 242 1643 402 1693; x_wconf 80' lang='grc' dir='ltr'><strong><em>Βδόξου</em></strong></span> <span class='ocrx_word' id='word_1_248' title='bbox 423 1658 639 1711; x_wconf 86' lang='grc' dir='ltr'><strong><em>μαρτυρος,</em></strong></span> <span class='ocrx_word' id='word_1_249' title='bbox 665 1643 721 1689; x_wconf 84' lang='grc' dir='ltr'><strong><em>εἰς</em></strong></span> <span class='ocrx_word' id='word_1_250' title='bbox 736 1640 779 1683; x_wconf 85' lang='grc' dir='ltr'><strong><em>τὸ</em></strong></span> <span class='ocrx_word' id='word_1_251' title='bbox 802 1641 857 1711; x_wconf 81' lang='grc' dir='ltr'><strong><em>μη“</em></strong></span> <span class='ocrx_word' id='word_1_252' title='bbox 875 1641 1017 1690; x_wconf 77' lang='grc' dir='ltr'><strong><em>νυκτός</em></strong></span> <span class='ocrx_word' id='word_1_253' title='bbox 1037 1642 1151 1711; x_wconf 81' lang='lat'>††††)</span> <span class='ocrx_word' id='word_1_254' title='bbox 1185 1642 1243 1684; x_wconf 78' lang='grc' dir='ltr'><strong><em>ῦπ</em></strong></span> <span class='ocrx_word' id='word_1_255' title='bbox 1252 1639 1444 1710; x_wconf 79' lang='grc' dir='ltr'><strong><em>ὀἷγνοίας</em></strong></span> <span class='ocrx_word' id='word_1_256' title='bbox 1466 1644 1721 1685; x_wconf 86' lang='grc' dir='ltr'><strong><em>κινδυνεῦσαι</em></strong></span> 
     </span>
     <span class='ocr_line' id='line_1_28' title="bbox 278 1695 1720 1771; baseline 0 -31"><span class='ocrx_word' id='word_1_257' title='bbox 278 1698 352 1751; x_wconf 72' lang='grc' dir='ltr'><strong><em>τήν</em></strong></span> <span class='ocrx_word' id='word_1_258' title='bbox 372 1697 499 1739; x_wconf 83' lang='grc' dir='ltr'><strong><em>πόλιν.</em></strong></span> <span class='ocrx_word' id='word_1_259' title='bbox 526 1698 570 1739; x_wconf 88' lang='lat' dir='ltr'><strong><em>‘O</em></strong></span> <span class='ocrx_word' id='word_1_260' title='bbox 587 1696 661 1751; x_wconf 77' lang='grc' dir='ltr'><strong><em>γὰρ</em></strong></span> <span class='ocrx_word' id='word_1_261' title='bbox 683 1696 842 1750; x_wconf 64' lang='grc' dir='ltr'><strong><em>δῆμος”</em></strong></span> <span class='ocrx_word' id='word_1_262' title='bbox 824 1715 940 1748; x_wconf 90' lang='grc' dir='ltr'><strong><em>απας,</em></strong></span> <span class='ocrx_word' id='word_1_263' title='bbox 969 1703 1039 1751; x_wconf 81' lang='grc' dir='ltr'><strong><em>τῆς</em></strong></span> <span class='ocrx_word' id='word_1_264' title='bbox 1055 1695 1353 1751; x_wconf 81' lang='grc' dir='ltr'><strong><em>α’προσδοκήτου</em></strong></span> <span class='ocrx_word' id='word_1_265' title='bbox 1366 1696 1509 1751; x_wconf 79' lang='grc' dir='ltr'><strong><em>ταύτης</em></strong></span> <span class='ocrx_word' id='word_1_266' title='bbox 1526 1701 1627 1771; x_wconf 85' lang='grc' dir='ltr'><strong><em>βοῆς</em></strong></span> <span class='ocrx_word' id='word_1_267' title='bbox 1643 1716 1720 1740; x_wconf 82' lang='grc' dir='ltr'><strong><em>κα-</em></strong></span> 
     </span>
     <span class='ocr_line' id='line_1_29' title="bbox 277 1751 1719 1815; baseline 0 -19"><span class='ocrx_word' id='word_1_268' title='bbox 277 1753 550 1804; x_wconf 79' lang='grc' dir='ltr'><strong><em>τακούσαντες,</em></strong></span> <span class='ocrx_word' id='word_1_269' title='bbox 565 1754 740 1815; x_wconf 76' lang='grc' dir='ltr'><strong><em>ἔδραμον</em></strong></span> <span class='ocrx_word' id='word_1_270' title='bbox 756 1755 812 1802; x_wconf 85' lang='grc' dir='ltr'><strong><em>εἷς</em></strong></span> <span class='ocrx_word' id='word_1_271' title='bbox 823 1755 970 1805; x_wconf 81' lang='grc' dir='ltr'><strong><em>οἷ’κους,</em></strong></span> <span class='ocrx_word' id='word_1_272' title='bbox 988 1754 1054 1795; x_wconf 89' lang='grc' dir='ltr'><strong><em>καὶ</em></strong></span> <span class='ocrx_word' id='word_1_273' title='bbox 1073 1754 1326 1804; x_wconf 82' lang='grc' dir='ltr'><strong><em>ὁπλισθέντες</em></strong></span> <span class='ocrx_word' id='word_1_274' title='bbox 1339 1755 1405 1796; x_wconf 76' lang='grc' dir='ltr'><strong><em>ἐπὶ</em></strong></span> <span class='ocrx_word' id='word_1_275' title='bbox 1418 1771 1466 1795; x_wconf 90' lang='grc' dir='ltr'><strong><em>τα</em></strong></span> <span class='ocrx_word' id='word_1_276' title='bbox 1478 1756 1583 1807; x_wconf 84' lang='grc' dir='ltr'><strong><em>τείχη</em></strong></span> <span class='ocrx_word' id='word_1_277' title='bbox 1601 1751 1719 1811; x_wconf 80' lang='grc' dir='ltr'><strong><em>ἆνῄε-</em></strong></span> 
     </span>
     <span class='ocr_line' id='line_1_30' title="bbox 278 1808 1719 1878; baseline 0 -27"><span class='ocrx_word' id='word_1_278' title='bbox 278 1825 365 1851; x_wconf 83' lang='grc' dir='ltr'><strong><em>σαν.</em></strong></span> <span class='ocrx_word' id='word_1_279' title='bbox 419 1808 495 1878; x_wconf 86' lang='grc' dir='ltr'><strong>(Γ.)</strong></span> <span class='ocrx_word' id='word_1_280' title='bbox 523 1808 625 1850; x_wconf 83' lang='grc' dir='ltr'><strong><em>Εἶτα</em></strong></span> <span class='ocrx_word' id='word_1_281' title='bbox 641 1814 871 1861; x_wconf 88' lang='grc' dir='ltr'><strong><em>καθορωσιν</em></strong></span> <span class='ocrx_word' id='word_1_282' title='bbox 889 1811 954 1851; x_wconf 77' lang='grc' dir='ltr'><strong><em>ἐπι</em></strong></span> <span class='ocrx_word' id='word_1_283' title='bbox 967 1827 1011 1852; x_wconf 93' lang='grc' dir='ltr'><strong><em>το</em></strong></span> <span class='ocrx_word' id='word_1_284' title='bbox 1037 1812 1176 1851; x_wconf 84' lang='grc' dir='ltr'><strong><em>πεδίον</em></strong></span> <span class='ocrx_word' id='word_1_285' title='bbox 1199 1814 1271 1851; x_wconf 93' lang='grc' dir='ltr'><strong><em>τοῦ</em></strong></span> <span class='ocrx_word' id='word_1_286' title='bbox 1293 1811 1505 1863; x_wconf 83' lang='grc' dir='ltr'><strong><em>σεβασμίου</em></strong></span> <span class='ocrx_word' id='word_1_287' title='bbox 1525 1814 1627 1851; x_wconf 84' lang='grc' dir='ltr'><strong><em>ναοῦ</em></strong></span> <span class='ocrx_word' id='word_1_288' title='bbox 1647 1815 1719 1864; x_wconf 79' lang='grc' dir='ltr'><strong><em>τῆς</em></strong></span> 
     </span>
     <span class='ocr_line' id='line_1_31' title="bbox 279 1863 1719 1936; baseline 0.001 -30"><span class='ocrx_word' id='word_1_289' title='bbox 279 1863 560 1936; x_wconf 79' lang='grc' dir='ltr'><strong><em>Χριστοφόρου</em></strong></span> <span class='ocrx_word' id='word_1_290' title='bbox 582 1882 779 1936; x_wconf 88' lang='grc' dir='ltr'><strong><em>μαρτυρος</em></strong></span> <span class='ocrx_word' id='word_1_291' title='bbox 798 1864 1028 1920; x_wconf 75' lang='grc' dir='ltr'><strong><em>Ματρῶνης</em></strong></span> <span class='ocrx_word' id='word_1_292' title='bbox 1047 1865 1209 1918; x_wconf 69' lang='grc' dir='ltr'><strong><em>πληθύν</em></strong></span> <span class='ocrx_word' id='word_1_293' title='bbox 1224 1864 1492 1936; x_wconf 86' lang='grc' dir='ltr'><strong><em>βαρβαρικην,</em></strong></span> <span class='ocrx_word' id='word_1_294' title='bbox 1523 1864 1597 1907; x_wconf 79' lang='grc' dir='ltr'><strong><em>οῦκ</em></strong></span> <span class='ocrx_word' id='word_1_295' title='bbox 1618 1865 1719 1920; x_wconf 89' lang='grc' dir='ltr'><strong><em>αγαν</em></strong></span> 
     </span>
     <span class='ocr_line' id='line_1_32' title="bbox 265 1919 1717 1993; baseline 0.001 -33"><span class='ocrx_word' id='word_1_296' title='bbox 265 1919 350 1972; x_wconf 79' lang='grc' dir='ltr'><strong><em>’μὲν</em></strong></span> <span class='ocrx_word' id='word_1_297' title='bbox 384 1920 534 1973; x_wconf 81' lang='grc' dir='ltr'><strong><em>πολλὴν</em></strong></span> <span class='ocrx_word' id='word_1_298' title='bbox 564 1920 670 1993; x_wconf 84' lang='grc' dir='ltr'><strong><em>(αχρι</em></strong></span> <span class='ocrx_word' id='word_1_299' title='bbox 684 1938 772 1990; x_wconf 90' lang='grc' dir='ltr'><strong><em>γαρ</em></strong></span> <span class='ocrx_word' id='word_1_300' title='bbox 805 1922 919 1963; x_wconf 87' lang='grc' dir='ltr'><strong><em>πέντε</em></strong></span> <span class='ocrx_word' id='word_1_301' title='bbox 952 1920 1138 1974; x_wconf 85' lang='grc' dir='ltr'><strong><em>χιλιαδων</em></strong></span> <span class='ocrx_word' id='word_1_302' title='bbox 1166 1919 1268 1990; x_wconf 87' lang='grc' dir='ltr'><strong><em>παρ’</em></strong></span> <span class='ocrx_word' id='word_1_303' title='bbox 1295 1922 1395 1975; x_wconf 84' lang='grc' dir='ltr'><strong><em>ημῖν</em></strong></span> <span class='ocrx_word' id='word_1_304' title='bbox 1423 1921 1717 1975; x_wconf 75' lang='grc' dir='ltr'><strong><em>ἐλογίσθησαν),</em></strong></span> 
     </span>
     <span class='ocr_line' id='line_1_33' title="bbox 276 1974 1719 2045; baseline 0.003 -30"><span class='ocrx_word' id='word_1_305' title='bbox 276 1976 458 2029; x_wconf 85' lang='grc' dir='ltr'><strong><em>σφοδραν</em></strong></span> <span class='ocrx_word' id='word_1_306' title='bbox 476 1976 518 2017; x_wconf 83' lang='grc' dir='ltr'><strong><em>δὲ</em></strong></span> <span class='ocrx_word' id='word_1_307' title='bbox 536 1980 586 2033; x_wconf 82' lang='grc' dir='ltr'><strong><em>τῇ</em></strong></span> <span class='ocrx_word' id='word_1_308' title='bbox 605 1974 723 2029; x_wconf 72' lang='grc' dir='ltr'><strong><em>ι’σχῦί,</em></strong></span> <span class='ocrx_word' id='word_1_309' title='bbox 738 1976 804 2018; x_wconf 86' lang='grc' dir='ltr'><strong><em>δια</em></strong></span> <span class='ocrx_word' id='word_1_310' title='bbox 814 1994 857 2019; x_wconf 91' lang='grc' dir='ltr'><strong><em>το</em></strong></span> <span class='ocrx_word' id='word_1_311' title='bbox 852 1976 1093 2026; x_wconf 77' lang='grc' dir='ltr'><strong><em>ἐπιλέκτους</em></strong></span> <span class='ocrx_word' id='word_1_312' title='bbox 1103 1993 1145 2018; x_wconf 85' lang='grc' dir='ltr'><strong><em>τε</em></strong></span> <span class='ocrx_word' id='word_1_313' title='bbox 1161 1975 1341 2027; x_wconf 71' lang='grc' dir='ltr'><strong><em>ἅπαντας</em></strong></span> <span class='ocrx_word' id='word_1_314' title='bbox 1358 1994 1425 2018; x_wconf 84' lang='grc' dir='ltr'><strong><em>και</em></strong></span> <span class='ocrx_word' id='word_1_315' title='bbox 1439 1978 1719 2045; x_wconf 79' lang='grc' dir='ltr'><strong><em>ἐμπειροπολέ-</em></strong></span> 
     </span>
     <span class='ocr_line' id='line_1_34' title="bbox 275 2019 1719 2102; baseline 0.003 -32"><span class='ocrx_word' id='word_1_316' title='bbox 275 2047 375 2084; x_wconf 87' lang='grc' dir='ltr'><strong><em>μους</em></strong></span> <span class='ocrx_word' id='word_1_317' title='bbox 392 2019 631 2084; x_wconf 83' lang='grc' dir='ltr'><strong><em>καθεστηκέν</em></strong></span> <span class='ocrx_word' id='word_1_318' title='bbox 635 2050 686 2074; x_wconf 90' lang='grc' dir='ltr'><strong><em>αι.</em></strong></span> <span class='ocrx_word' id='word_1_319' title='bbox 719 2030 779 2074; x_wconf 83' lang='grc' dir='ltr'><strong><em>Ου’</em></strong></span> <span class='ocrx_word' id='word_1_320' title='bbox 794 2032 869 2101; x_wconf 75' lang='grc' dir='ltr'><strong><em>γὰρ</em></strong></span> <span class='ocrx_word' id='word_1_321' title='bbox 882 2050 933 2075; x_wconf 90' lang='grc' dir='ltr'><strong><em>αν</em></strong></span> <span class='ocrx_word' id='word_1_322' title='bbox 949 2050 1076 2082; x_wconf 86' lang='grc' dir='ltr'><strong><em>ουτως</em></strong></span> <span class='ocrx_word' id='word_1_323' title='bbox 1097 2030 1251 2087; x_wconf 67' lang='grc' dir='ltr'><strong><em>ἀθρόον</em></strong></span> <span class='ocrx_word' id='word_1_324' title='bbox 1258 2031 1395 2085; x_wconf 83' lang='lat'>†††††)</span> <span class='ocrx_word' id='word_1_325' title='bbox 1407 2031 1519 2074; x_wconf 85' lang='grc' dir='ltr'><strong><em>πόλει</em></strong></span> <span class='ocrx_word' id='word_1_326' title='bbox 1535 2030 1719 2102; x_wconf 84' lang='grc' dir='ltr'><strong><em>τηλικαυ-</em></strong></span> 
     </span>
     <span class='ocr_line' id='line_1_35' title="bbox 275 2085 1719 2156; baseline 0.002 -29"><span class='ocrx_word' id='word_1_327' title='bbox 275 2102 323 2141; x_wconf 80' lang='grc' dir='ltr'><strong><em>τῃ</em></strong></span> <span class='ocrx_word' id='word_1_328' title='bbox 345 2087 629 2140; x_wconf 84' lang='grc' dir='ltr'><strong><em>προσέβαλλον,</em></strong></span> <span class='ocrx_word' id='word_1_329' title='bbox 663 2090 699 2129; x_wconf 82' lang='grc' dir='ltr'><strong><em>εἰ</em></strong></span> <span class='ocrx_word' id='word_1_330' title='bbox 717 2106 771 2141; x_wconf 88' lang='grc' dir='ltr'><strong><em>μη</em></strong></span> <span class='ocrx_word' id='word_1_331' title='bbox 793 2086 908 2156; x_wconf 73' lang='grc' dir='ltr'><strong><em>ῥώμῃ</em></strong></span> <span class='ocrx_word' id='word_1_332' title='bbox 928 2091 995 2131; x_wconf 87' lang='grc' dir='ltr'><strong><em>καὶ</em></strong></span> <span class='ocrx_word' id='word_1_333' title='bbox 1020 2086 1163 2142; x_wconf 83' lang='grc' dir='ltr'><strong><em>θαρσει</em></strong></span> <span class='ocrx_word' id='word_1_334' title='bbox 1180 2105 1261 2130; x_wconf 89' lang='grc' dir='ltr'><strong><em>των</em></strong></span> <span class='ocrx_word' id='word_1_335' title='bbox 1278 2104 1437 2129; x_wconf 85' lang='grc' dir='ltr'><strong><em>πωποτε</em></strong></span> <span class='ocrx_word' id='word_1_336' title='bbox 1461 2085 1553 2129; x_wconf 85' lang='grc' dir='ltr'><strong><em>κατ’</em></strong></span> <span class='ocrx_word' id='word_1_337' title='bbox 1570 2085 1719 2138; x_wconf 71' lang='grc' dir='ltr'><strong><em>αὐτους</em></strong></span> 
     </span>
     <span class='ocr_line' id='line_1_36' title="bbox 241 2131 1720 2215; baseline 0.003 -33"><span class='ocrx_word' id='word_1_338' title='bbox 241 2145 271 2178; x_wconf 89' lang='lat' dir='ltr'>C</span> <span class='ocrx_word' id='word_1_339' title='bbox 281 2144 623 2195; x_wconf 86' lang='grc' dir='ltr'><strong><em>στρατευσαμένων</em></strong></span> <span class='ocrx_word' id='word_1_340' title='bbox 641 2131 908 2215; x_wconf 80' lang='grc' dir='ltr'><strong><em>διενηνοχότες</em></strong></span> <span class='ocrx_word' id='word_1_341' title='bbox 925 2142 1149 2214; x_wconf 76' lang='grc' dir='ltr'><strong><em>ἐτύγχανον.</em></strong></span> <span class='ocrx_word' id='word_1_342' title='bbox 1177 2144 1244 2192; x_wconf 78' lang='grc' dir='ltr'><strong><em>Ὡς</em></strong></span> <span class='ocrx_word' id='word_1_343' title='bbox 1259 2142 1302 2184; x_wconf 83' lang='grc' dir='ltr'><strong><em>δὲ</em></strong></span> <span class='ocrx_word' id='word_1_344' title='bbox 1320 2140 1572 2197; x_wconf 77' lang='grc' dir='ltr'><strong><em>οἷνέκραξεν’</em></strong></span> <span class='ocrx_word' id='word_1_345' title='bbox 1547 2143 1626 2186; x_wconf 82' lang='grc' dir='ltr'><strong><em>απὸ</em></strong></span> <span class='ocrx_word' id='word_1_346' title='bbox 1644 2147 1720 2186; x_wconf 87' lang='grc' dir='ltr'><strong><em>τοῦ</em></strong></span> 
     </span>
     <span class='ocr_line' id='line_1_37' title="bbox 276 2196 1717 2269; baseline 0.001 -30"><span class='ocrx_word' id='word_1_347' title='bbox 276 2199 426 2249; x_wconf 78' lang='grc' dir='ltr'><strong><em>τείχους</em></strong></span> <span class='ocrx_word' id='word_1_348' title='bbox 442 2198 472 2269; x_wconf 79' lang='grc' dir='ltr'><em>ἦ</em></span> <span class='ocrx_word' id='word_1_349' title='bbox 490 2196 618 2249; x_wconf 85' lang='grc' dir='ltr'><strong><em>πόλις,</em></strong></span> <span class='ocrx_word' id='word_1_350' title='bbox 648 2197 816 2251; x_wconf 83' lang='grc' dir='ltr'><strong><em>αῦτοψεὶ</em></strong></span> <span class='ocrx_word' id='word_1_351' title='bbox 834 2217 928 2249; x_wconf 91' lang='grc' dir='ltr'><strong><em>τους</em></strong></span> <span class='ocrx_word' id='word_1_352' title='bbox 947 2198 1185 2248; x_wconf 79' lang='grc' dir='ltr'><strong><em>α’ντιπᾶλους</em></strong></span> <span class='ocrx_word' id='word_1_353' title='bbox 1203 2199 1442 2252; x_wconf 83' lang='grc' dir='ltr'><strong><em>εἰσβλέψασα</em></strong></span> <span class='ocrx_word' id='word_1_354' title='bbox 1459 2198 1625 2254; x_wconf 79' lang='grc' dir='ltr'><strong><em>(ὄρθρος</em></strong></span> <span class='ocrx_word' id='word_1_355' title='bbox 1639 2217 1717 2267; x_wconf 81' lang='grc' dir='ltr'><strong><em>γαρ</em></strong></span> 
     </span>
     <span class='ocr_line' id='line_1_38' title="bbox 275 2249 1717 2310; baseline 0.001 -15"><span class='ocrx_word' id='word_1_356' title='bbox 275 2252 411 2295; x_wconf 81' lang='grc' dir='ltr'><strong><em>λοιπὸν</em></strong></span> <span class='ocrx_word' id='word_1_357' title='bbox 430 2249 503 2306; x_wconf 74' lang='grc' dir='ltr'><strong><em>ἦν,</em></strong></span> <span class='ocrx_word' id='word_1_358' title='bbox 534 2255 602 2294; x_wconf 87' lang='grc' dir='ltr'><strong><em>καὶ</em></strong></span> <span class='ocrx_word' id='word_1_359' title='bbox 625 2270 672 2294; x_wconf 88' lang='grc' dir='ltr'><strong><em>τα</em></strong></span> <span class='ocrx_word' id='word_1_360' title='bbox 693 2259 765 2306; x_wconf 79' lang='grc' dir='ltr'><strong><em>τῆς</em></strong></span> <span class='ocrx_word' id='word_1_361' title='bbox 783 2255 933 2310; x_wconf 69' lang='grc' dir='ltr'><strong><em>ἡμέρας</em></strong></span> <span class='ocrx_word' id='word_1_362' title='bbox 949 2254 1216 2307; x_wconf 81' lang='grc' dir='ltr'><strong><em>ἐπέφωσκεν),</em></strong></span> <span class='ocrx_word' id='word_1_363' title='bbox 1246 2256 1289 2296; x_wconf 85' lang='grc' dir='ltr'><strong><em>οἷ</em></strong></span> <span class='ocrx_word' id='word_1_364' title='bbox 1308 2259 1481 2296; x_wconf 89' lang='grc' dir='ltr'><strong><em>πλεῖστοι</em></strong></span> <span class='ocrx_word' id='word_1_365' title='bbox 1498 2253 1717 2297; x_wconf 85' lang='grc' dir='ltr'><strong><em>κατελθόν-</em></strong></span> 
     </span>
     <span class='ocr_line' id='line_1_39' title="bbox 275 2307 1716 2367; baseline 0.002 -18"><span class='ocrx_word' id='word_1_366' title='bbox 275 2324 338 2357; x_wconf 87' lang='grc' dir='ltr'><strong><em>τες</em></strong></span> <span class='ocrx_word' id='word_1_367' title='bbox 360 2309 427 2350; x_wconf 83' lang='grc' dir='ltr'><strong><em>καὶ</em></strong></span> <span class='ocrx_word' id='word_1_368' title='bbox 445 2307 516 2357; x_wconf 75' lang='grc' dir='ltr'><strong><em>τὰς</em></strong></span> <span class='ocrx_word' id='word_1_369' title='bbox 535 2307 660 2352; x_wconf 80' lang='grc' dir='ltr'><strong><em>πυλας</em></strong></span> <span class='ocrx_word' id='word_1_370' title='bbox 690 2307 939 2361; x_wconf 81' lang='grc' dir='ltr'><strong><em>οἷνοίξαντες,</em></strong></span> <span class='ocrx_word' id='word_1_371' title='bbox 969 2312 1041 2361; x_wconf 84' lang='grc' dir='ltr'><strong><em>ε’ξω</em></strong></span> <span class='ocrx_word' id='word_1_372' title='bbox 1066 2309 1140 2363; x_wconf 80' lang='grc' dir='ltr'><strong><em>τὴν</em></strong></span> <span class='ocrx_word' id='word_1_373' title='bbox 1159 2309 1388 2363; x_wconf 87' lang='grc' dir='ltr'><strong><em>συμπλοκην</em></strong></span> <span class='ocrx_word' id='word_1_374' title='bbox 1415 2309 1512 2367; x_wconf 75' lang='grc' dir='ltr'><strong><em>πρὸς</em></strong></span> <span class='ocrx_word' id='word_1_375' title='bbox 1528 2312 1716 2360; x_wconf 79' lang='grc' dir='ltr'><strong><em>ἐκείνους,</em></strong></span> 
     </span>
     <span class='ocr_line' id='line_1_40' title="bbox 276 2363 1713 2422; baseline 0.002 -17"><span class='ocrx_word' id='word_1_376' title='bbox 276 2368 348 2406; x_wconf 88' lang='grc' dir='ltr'><strong><em>τοῦ</em></strong></span> <span class='ocrx_word' id='word_1_377' title='bbox 369 2369 546 2419; x_wconf 83' lang='grc' dir='ltr'><strong><em>Χριστοῦ</em></strong></span> <span class='ocrx_word' id='word_1_378' title='bbox 560 2365 628 2405; x_wconf 86' lang='grc' dir='ltr'><strong><em>καὶ</em></strong></span> <span class='ocrx_word' id='word_1_379' title='bbox 649 2369 723 2406; x_wconf 91' lang='grc' dir='ltr'><strong><em>τοῦ</em></strong></span> <span class='ocrx_word' id='word_1_380' title='bbox 746 2363 982 2422; x_wconf 80' lang='grc' dir='ltr'><strong><em>αθλοφόρου</em></strong></span> <span class='ocrx_word' id='word_1_381' title='bbox 1003 2363 1151 2416; x_wconf 78' lang='grc' dir='ltr'><strong><em>αῦτους</em></strong></span> <span class='ocrx_word' id='word_1_382' title='bbox 1170 2364 1468 2421; x_wconf 80' lang='grc' dir='ltr'><strong><em>ἐνισχυσαντος,</em></strong></span> <span class='ocrx_word' id='word_1_383' title='bbox 1496 2364 1713 2421; x_wconf 78' lang='grc' dir='ltr'><strong><em>ἐποιήσαν-</em></strong></span> 
     </span>
    </p>
   </div>
   <div class='ocr_carea' id='block_1_3' title="bbox 316 2438 777 2486">
    <p class='ocr_par' dir='ltr' id='par_1_3' title="bbox 316 2438 777 2486">
     <span class='ocr_line' id='line_1_41' title="bbox 316 2438 777 2486; baseline 0.002 -10"><span class='ocrx_word' id='word_1_384' title='bbox 316 2439 354 2485; x_wconf 77' lang='lat'><strong><em>¹¹¹)</em></strong></span> <span class='ocrx_word' id='word_1_385' title='bbox 377 2442 463 2476; x_wconf 82' lang='lat' dir='ltr'><strong>Acta</strong></span> <span class='ocrx_word' id='word_1_386' title='bbox 478 2442 542 2477; x_wconf 87' lang='lat' dir='ltr'><strong><em>SS.</em></strong></span> <span class='ocrx_word' id='word_1_387' title='bbox 566 2438 777 2486; x_wconf 79' lang='grc' dir='ltr'><strong><em>απεωρεῖτο.</em></strong></span> 
     </span>
    </p>
   </div>
   <div class='ocr_carea' id='block_1_4' title="bbox 266 2495 1230 2602">
    <p class='ocr_par' dir='ltr' id='par_1_4' title="bbox 266 2495 1230 2602">
     <span class='ocr_line' id='line_1_42' title="bbox 266 2495 1230 2548; baseline 0.005 -16"><span class='ocrx_word' id='word_1_388' title='bbox 266 2523 271 2527; x_wconf 76' lang='grc'><strong>-</strong></span> <span class='ocrx_word' id='word_1_389' title='bbox 316 2497 376 2542; x_wconf 80' lang='grc'><strong><em>**)</em></strong></span> <span class='ocrx_word' id='word_1_390' title='bbox 397 2499 486 2533; x_wconf 76' lang='lat' dir='ltr'><strong>Acta</strong></span> <span class='ocrx_word' id='word_1_391' title='bbox 506 2499 570 2532; x_wconf 91' lang='lat' dir='ltr'><strong><em>SS.</em></strong></span> <span class='ocrx_word' id='word_1_392' title='bbox 593 2495 778 2543; x_wconf 77' lang='grc' dir='ltr'><strong><em>ἄρξασθαι</em></strong></span> <span class='ocrx_word' id='word_1_393' title='bbox 800 2500 1062 2546; x_wconf 81' lang='grc' dir='ltr'><strong><em>περιτεφροῦν·</em></strong></span> <span class='ocrx_word' id='word_1_394' title='bbox 1087 2498 1148 2536; x_wconf 72' lang='grc' dir='ltr'><strong><em>καὶ</em></strong></span> <span class='ocrx_word' id='word_1_395' title='bbox 1171 2497 1230 2548; x_wconf 77' lang='grc' dir='ltr'><strong><em>δή</em></strong></span> 
     </span>
     <span class='ocr_line' id='line_1_43' title="bbox 316 2547 928 2602; baseline 0.007 -15"><span class='ocrx_word' id='word_1_396' title='bbox 316 2553 393 2598; x_wconf 68' lang='lat'><strong><em>²⁸¹*‘¹⁸¹)</em></strong></span> <span class='ocrx_word' id='word_1_397' title='bbox 415 2547 502 2588; x_wconf 81' lang='lat' dir='ltr'><strong>Acta</strong></span> <span class='ocrx_word' id='word_1_398' title='bbox 526 2555 589 2590; x_wconf 87' lang='lat' dir='ltr'><strong><em>SS.</em></strong></span> <span class='ocrx_word' id='word_1_399' title='bbox 613 2553 813 2596; x_wconf 80' lang='grc' dir='ltr'><strong><em>ευσκύλτως</em></strong></span> <span class='ocrx_word' id='word_1_400' title='bbox 837 2557 928 2602; x_wconf 79' lang='lat' dir='ltr'>[sicJ.</span> 
     </span>
    </p>
   </div>
   <div class='ocr_carea' id='block_1_5' title="bbox 311 2611 1497 2824">
    <p class='ocr_par' dir='ltr' id='par_1_5' title="bbox 315 2611 1350 2658">
     <span class='ocr_line' id='line_1_44' title="bbox 315 2611 1350 2658; baseline 0.003 -14"><span class='ocrx_word' id='word_1_401' title='bbox 315 2611 413 2654; x_wconf 75' lang='lat'><strong>****)</strong></span> <span class='ocrx_word' id='word_1_402' title='bbox 436 2612 523 2645; x_wconf 82' lang='lat' dir='ltr'>Acta</span> <span class='ocrx_word' id='word_1_403' title='bbox 546 2612 611 2645; x_wconf 83' lang='lat' dir='ltr'><strong><em>SS.</em></strong></span> <span class='ocrx_word' id='word_1_404' title='bbox 635 2613 928 2656; x_wconf 80' lang='grc' dir='ltr'><strong><em>διεκχωροῦντος.</em></strong></span> <span class='ocrx_word' id='word_1_405' title='bbox 1019 2612 1135 2655; x_wconf 79' lang='grc'>*****)</span> <span class='ocrx_word' id='word_1_406' title='bbox 1159 2613 1199 2648; x_wconf 83' lang='grc' dir='ltr'><strong><em>Α.</em></strong></span> <span class='ocrx_word' id='word_1_407' title='bbox 1222 2612 1350 2658; x_wconf 82' lang='grc' dir='ltr'><strong><em>μόνον.</em></strong></span> 
     </span>
    </p>

    <p class='ocr_par' dir='ltr' id='par_1_6' title="bbox 315 2657 1348 2716">
     <span class='ocr_line' id='line_1_45' title="bbox 315 2657 1348 2716; baseline 0.002 -14"><span class='ocrx_word' id='word_1_408' title='bbox 315 2667 358 2710; x_wconf 79' lang='lat'><strong><em>†)</em></strong></span> <span class='ocrx_word' id='word_1_409' title='bbox 381 2668 423 2701; x_wconf 84' lang='lat' dir='ltr'><strong><em>A.</em></strong></span> <span class='ocrx_word' id='word_1_410' title='bbox 446 2657 732 2714; x_wconf 82' lang='grc' dir='ltr'><strong><em>βουλευσαμενός</em></strong></span> <span class='ocrx_word' id='word_1_411' title='bbox 753 2681 817 2710; x_wconf 87' lang='grc' dir='ltr'><strong><em>τις.</em></strong></span> <span class='ocrx_word' id='word_1_412' title='bbox 908 2670 972 2715; x_wconf 82' lang='grc' dir='ltr'>·Η-)</span> <span class='ocrx_word' id='word_1_413' title='bbox 997 2667 1035 2705; x_wconf 80' lang='grc' dir='ltr'><strong><em>Α.</em></strong></span> <span class='ocrx_word' id='word_1_414' title='bbox 1061 2667 1233 2716; x_wconf 81' lang='grc' dir='ltr'><strong><em>ὁρμιδίαν</em></strong></span> <span class='ocrx_word' id='word_1_415' title='bbox 1256 2670 1348 2714; x_wconf 77' lang='lat' dir='ltr'>[sic].</span> 
     </span>
    </p>

    <p class='ocr_par' dir='ltr' id='par_1_7' title="bbox 311 2722 1497 2824">
     <span class='ocr_line' id='line_1_46' title="bbox 313 2722 1497 2772; baseline 0.003 -14"><span class='ocrx_word' id='word_1_416' title='bbox 313 2722 401 2767; x_wconf 83' lang='lat'>†††)</span> <span class='ocrx_word' id='word_1_417' title='bbox 425 2726 462 2758; x_wconf 85' lang='grc' dir='ltr'><strong><em>Α.</em></strong></span> <span class='ocrx_word' id='word_1_418' title='bbox 487 2728 545 2761; x_wconf 65' lang='grc' dir='ltr'><strong><em>πὶ..</em></strong></span> <span class='ocrx_word' id='word_1_419' title='bbox 563 2725 625 2760; x_wconf 76' lang='grc' dir='ltr'><strong><em>καὶ</em></strong></span> <span class='ocrx_word' id='word_1_420' title='bbox 644 2725 760 2771; x_wconf 89' lang='grc' dir='ltr'><strong><em>μόνον</em></strong></span> <span class='ocrx_word' id='word_1_421' title='bbox 779 2722 967 2772; x_wconf 80' lang='grc' dir='ltr'><strong><em>γινόμενος,</em></strong></span> <span class='ocrx_word' id='word_1_422' title='bbox 982 2728 1062 2763; x_wconf 84' lang='grc' dir='ltr'><strong><em>τοῦ.</em></strong></span> <span class='ocrx_word' id='word_1_423' title='bbox 1150 2727 1262 2772; x_wconf 77' lang='lat'><em>††††)</em></span> <span class='ocrx_word' id='word_1_424' title='bbox 1284 2727 1323 2765; x_wconf 76' lang='lat' dir='ltr'><strong><em>A.</em></strong></span> <span class='ocrx_word' id='word_1_425' title='bbox 1346 2726 1497 2762; x_wconf 72' lang='grc' dir='ltr'><strong><em>νυκτῶν.</em></strong></span> 
     </span>
     <span class='ocr_line' id='line_1_47' title="bbox 311 2778 938 2824; baseline 0.01 -10"><span class='ocrx_word' id='word_1_426' title='bbox 311 2778 447 2824; x_wconf 51' lang='grc' dir='ltr'>-Η-ΗῨ)</span> <span class='ocrx_word' id='word_1_427' title='bbox 471 2781 512 2816; x_wconf 86' lang='grc' dir='ltr'><strong><em>Α.</em></strong></span> <span class='ocrx_word' id='word_1_428' title='bbox 537 2785 690 2820; x_wconf 73' lang='grc' dir='ltr'><strong><em>νυκτῶν.</em></strong></span> <span class='ocrx_word' id='word_1_429' title='bbox 935 2810 938 2812; x_wconf 22' lang='grc' dir='ltr'><strong>Α</strong></span> 
     </span>
    </p>
   </div>
  </div>
 </body>
</html>
