1768 3034
300 162 366 209 24
783 169 984 216 LEONIS
1011 172 1248 215 DIACONI

99 284 127 313 s.
147 283 190 313 M.
208 280 296 318 6469
307 277 554 334 κατειληφώς
571 277 618 321 τὸ
638 275 880 331 Βυζάντιον,
917 278 998 320 ἐπεὶ
1014 278 1116 332 μετὰ
1139 279 1325 334 πλείστης
1340 276 1402 322 ὅτι
1421 278 1528 328 λείας
1552 279 1620 321 καὶ
1645 295 1726 333 μυ-

138 328 203 359 ¹¹¹⁶·
223 326 246 362 4
302 346 400 401 ρι’ων
421 344 688 400 δορυαλώτων
700 346 930 401 Ἀγαρηνῶν
950 343 1094 401 εἰσῄει,
1129 343 1331 401 ὑπεδέχθη
1352 363 1394 388 τε
1411 344 1490 388 ὕπὸ
1509 350 1581 388 τοῦ
1602 346 1726 388 αὖτο-
1767 366 1768 369 ’

300 410 497 480 κράτορος
512 410 717 466 Ῥωμανοῦ
737 413 977 468 φιλοτίμως,
1015 412 1111 454 κάπὶ
1130 418 1203 455 τοῦ
1222 412 1403 470 θεάτρου
1427 411 1722 470 θριαμβεύσας,

300 483 360 535 τῷ
387 477 534 532 πλήθει
561 484 642 521 τῶν
672 477 937 535 ἀνδραπόδων
963 480 1030 521 καὶ
1055 483 1136 522 τῶν
1164 479 1358 537 λαφύρων
1385 480 1483 540 τοὺς
1498 480 1727 533 θεωμένους

302 544 505 599 ἐξέπληξεν
517 559 527 569 ·
563 545 738 600 ἀμοιβάς
759 562 799 588 τε
818 547 885 588 καὶ
901 546 1040 600 τιμὰς,
1078 545 1355 603 άναλογούσας
1374 555 1459 596 τοῖς
1475 544 1725 606 π’όίἵοιςῖσεα-
1734 549 1763 602 ⁵5¹

305 613 358 668 ρὰ
377 617 448 654 τοῦ
468 609 640 667 κράτους
666 612 892 669 ἀπείληφεν.
963 613 1057 654 ἀλλ’
1077 612 1183 657 οὕτω
1207 615 1281 668 μέν
1303 613 1324 657 ὃ
1353 614 1578 670 στρατηγὸς
1601 614 1726 657 Λέων

302 679 378 732 τὴν
390 679 527 721 Ἀσίαν
554 679 701 732 ἔσωσε,
737 679 1109 735 καταγωνισάμενος
1133 681 1206 724 τὸν
1223 684 1468 739 Χαμβδᾶνς
1493 679 1658 741 φυγάδα-
1684 697 1727 723 τε

304 747 371 787 καὶ
390 744 541 800 ἀλήτην
560 745 897 803 ἀπεργασάμενος.

269 824 300 856 C
408 811 456 862 ς’.
493 812 727 870 Νικηφόρος
748 816 793 857 δὲ
822 812 843 856 ὃ
865 818 1036 868 Φωκᾶς,
1075 815 1096 858 ὃ
1115 820 1188 859 τοῦ
1208 816 1411 873 ῥηθέντος
1426 815 1612 866 Λέοντος
1630 812 1726 859 σόν-

304 896 424 933 αιμος
448 877 531 935 (δεῖ
553 881 630 936 γὰρ
650 881 1097 937 ἄνακεφαλαιωσάμενοι
1117 884 1186 925 τὸν
1206 882 1326 939 λόγον
1343 883 1447 926 καθ’
1468 884 1606 940 εἱρμὸν
1622 881 1724 939 πρό·
1740 893 1768 927 1(

302 961 364 989 σω
384 950 456 1000 τῆς
476 947 655 1002 ἱστορίας
666 947 841 1005 χωρεῖν)
854 980 869 1001 ,
907 948 961 998 ὥς
980 954 1029 1006 τῇ
1048 955 1128 992 τῶν
1145 953 1322 1007 Κρητῶν
1338 949 1516 1000 πελάσας
1543 952 1623 992 ἐκεῖ
1647 953 1727 992 διε-

300 1014 482 1067 χείμαζε,
521 1015 587 1055 καὶ
614 1012 686 1056 τόν
714 1031 756 1057 τε
786 1017 961 1071 στρατὸν
989 1017 1041 1059 τὰ
1059 1018 1252 1071 πολεμικὰ
1272 1016 1523 1073 ὃιεγύμναζε,
1562 1019 1628 1059 καὶ
1653 1017 1728 1066 τὰς

303 1078 498 1129 ἑλεπόλεις
517 1082 778 1134 ἐτεκταίνετο,
815 1083 969 1139 ἐπείπερ
1001 1085 1104 1126 κατὰ
1133 1089 1229 1126 νοῦν
1257 1085 1368 1141 αὐτῷ
1397 1082 1528 1126 πάντα
1556 1084 1727 1140 προῦκε-

300 1145 469 1203 χωρήκει
478 1179 492 1199 ,
532 1147 623 1204 ἄρτι
643 1153 714 1190 τοῦ
735 1145 833 1204 ἦρος
852 1150 894 1191 ἔκ
914 1155 986 1204 τῆς
1000 1155 1222 1208 χειμερινῆς
1239 1156 1391 1207 τροπῆς
1416 1151 1547 1207 ἠρέμα
1574 1149 1725 1207 προκύ-

303 1230 493 1266 πτοντος,
530 1215 601 1257 τὸν
629 1217 718 1271 περὶ
744 1214 868 1258 αὑτὸν
891 1219 1147 1267 καθοπλίσας
1171 1219 1345 1274 στρατὸν
1371 1220 1438 1259 καὶ
1466 1220 1522 1266 εἷς
1549 1222 1725 1271 βαθεῖαν
1737 1227 1768 1263 1ξ

301 1279 632 1336 παραταξάμενος
661 1280 870 1338 φάλαγγα,
907 1282 980 1332 τάς
1007 1301 1049 1326 τε
1083 1283 1301 1339 σάλπιγγας
1327 1282 1555 1338 ἔπαυλήσας
1582 1286 1649 1326 καὶ
1673 1285 1728 1326 τὰ

300 1345 490 1400 τύμπανα
507 1347 741 1403 παταγήσας
760 1349 863 1390 κατὰ
880 1354 952 1391 τοῦ
974 1350 1113 1399 ἄστεος
1131 1351 1311 1404 ἤλαυνεν.
1365 1352 1408 1392 ἓν
1435 1346 1468 1408 ᾧ
1496 1352 1540 1393 δὲ
1559 1349 1580 1393 ὅ
1599 1367 1725 1408 στρα-

300 1415 422 1468 τηγὸς
442 1415 515 1468 τὴν
532 1415 620 1469 ἴλην
635 1416 738 1457 κατὰ
757 1416 941 1469 μέτωπον
968 1416 1224 1472 ἐκρατύνετο,
1261 1419 1328 1460 καὶ
1359 1420 1414 1467 εἷς
1440 1420 1624 1461 πλαίσιον
1651 1415 1727 1468 τὰς

267 1479 491 1534 Ὀδυνάμεις
513 1482 744 1534 συνέταττε,
780 1481 942 1537 γύναιον
961 1482 1167 1539 ἑταιρικὸν,
1205 1483 1456 1538 ἄκκιζόμενόν
1473 1487 1602 1533 τεκαὶ
1617 1490 1725 1542 θρυ-

301 1546 518 1600 πτόμενον,
557 1549 699 1602 ῗταμὸν
725 1550 900 1598 ἐπιεικῶς
929 1550 1123 1605 τυγχάνον
1151 1553 1217 1593 καὶ
1239 1552 1398 1601 ἀναιδὲς
1404 1584 1418 1604 ,
1454 1556 1535 1595 τῶν
1561 1563 1768 1608 προμα-Ξ(

297 1613 456 1668 χεώνων
474 1614 722 1671 προκύπτον,
758 1617 939 1671 γοητείας
948 1616 1122 1660 ἐ’ποιεΐτό
1142 1635 1252 1668 τινας
1277 1621 1342 1661 καὶ
1361 1617 1528 1676 ἐπῳδάς.
1572 1620 1725 1674 λέγεται

299 1682 376 1738 γὰρ
403 1681 598 1736 κατόχους
623 1680 719 1724 εἶναι
737 1685 905 1739 Κρῆτας
927 1687 1131 1739 μαντείαις
1156 1688 1222 1727 καὶ
1249 1688 1518 1740 βωμολοχίαις
1534 1688 1601 1727 καὶ
1619 1685 1723 1728 πλά-

86 1757 156 1790 Fol.
174 1756 240 1792 278
258 1767 289 1791 v.
299 1766 387 1799 ναις
395 1782 409 1803 ,
447 1750 547 1806 πρὸς
563 1754 642 1792 τῶν
662 1752 902 1804 Μανιχαίων
919 1754 986 1794 καὶ
1006 1757 1077 1795 τοῦ
1104 1751 1302 1807 ΙΙίῙωάμεθ
1320 1751 1614 1810 παρειληφότας
1631 1754 1722 1795 ἀνέ-

390 1846 424 1880 9.
448 1843 631 1890 σύναιμος.
655 1849 710 1882 Ea
727 1858 792 1882 vox
806 1848 841 1882 in
857 1847 971 1882 codice
985 1848 1122 1889 omissa,
1152 1848 1282 1883 recenti
1297 1859 1394 1883 manu
1413 1847 1642 1893 superscripta
1657 1845 1719 1881 εει.

390 1890 494 1924 Paulo
508 1898 583 1935 post
600 1899 714 1927 auctor
725 1894 780 1927 vel
796 1894 951 1928 librarius
966 1894 1112 1928 scribere
1126 1894 1295 1928 debuisset
1312 1890 1721 1939 ἀνακεφαλαιωσᾶμενον

390 1941 449 1969 aut
465 1933 909 1982 ἄνακεφαλαιωσαμένους.
1003 1941 1057 1974 19.
1082 1935 1255 1984 ἡτερηκόν
1268 1938 1342 1972 cod.

303 2012 621 2058 Constantinopolim
631 2015 734 2056 venit,
758 2027 831 2049 cum
846 2015 973 2060 praeda
987 2016 1226 2060 quamplurima
1241 2018 1277 2049 et
1296 2014 1440 2060 captivis
1455 2016 1631 2050 Saracenis
1643 2027 1723 2061 per-

302 2057 413 2090 multis
423 2058 604 2101 ingressus,
621 2072 640 2093 a
650 2060 796 2095 Romano
807 2062 1011 2105 Imperatore
1019 2061 1194 2104 magnifice
1203 2065 1360 2105 receptus
1368 2066 1432 2102 est,
1445 2072 1574 2105 perque
1585 2061 1722 2095 Circum

301 2102 468 2146 triumpho
486 2109 571 2144 acto,
589 2105 797 2148 captivorum
814 2117 853 2139 ac
869 2105 1047 2150 spoliorum
1064 2106 1162 2149 copia
1172 2106 1206 2138 in
1217 2110 1383 2149 stuporem
1396 2110 1586 2150 spectantes
1595 2106 1722 2150 rapuit,

301 2147 458 2190 praemiis
469 2148 605 2181 subinde
621 2154 655 2182 et
674 2150 855 2184 honoribus
872 2162 932 2194 pro
950 2150 1099 2183 laborum
1118 2150 1341 2194 magnitudine
1357 2161 1378 2183 a
1395 2150 1547 2194 principe
1562 2150 1722 2195 acceptis.

302 2192 373 2224 Leo
390 2192 470 2232 dux,
486 2193 572 2233 fuso,
585 2194 712 2237 fugato,
736 2195 908 2238 exagitato
918 2195 1142 2236 Chambdam,
1158 2196 1244 2228 hunc
1259 2195 1431 2229 inmodum
1441 2195 1554 2229 Asiam
1561 2195 1722 2229 servavit.

392 2238 426 2271 6.
459 2237 673 2281 Nicephorus
694 2243 802 2273 autem
823 2240 965 2280 Phocas,
998 2240 1131 2281 Leonis,
1156 2240 1199 2273 de
1217 2251 1283 2284 quo
1299 2240 1453 2282 diximus,
1475 2241 1583 2274 frater
1598 2241 1720 2284 (opor-

304 2284 356 2314 tet
373 2281 458 2314 enim
475 2282 620 2325 repetita
638 2284 826 2318 narratione
843 2284 876 2317 in
898 2284 984 2318 serie
1002 2285 1213 2318 historiarum
1234 2284 1458 2328 procedere),
1481 2296 1556 2317 cum
1579 2284 1722 2318 admotis

304 2326 348 2358 ad
371 2326 562 2360 Cretensem
587 2328 702 2360 urbem
729 2330 849 2361 castris
870 2330 940 2362 illic
962 2329 1101 2362 hiberna
1125 2330 1282 2370 duceret,
1307 2341 1346 2362 ac
1370 2330 1557 2363 exerc-itum
1567 2329 1722 2363 militari-

303 2371 367 2403 bus
385 2370 505 2403 studiis
520 2377 711 2413 exerceret,
736 2373 1024 2418 obsidionalesque
1038 2374 1207 2408 machinas
1223 2375 1424 2415 fabricaret,
1447 2385 1522 2407 cum
1541 2374 1648 2407 omnia
1669 2373 1721 2407 illi

304 2426 346 2447 ex
361 2416 526 2448 sententia
542 2416 736 2457 cessissent,
760 2429 863 2450 verna
881 2419 1040 2462 paulatim
1059 2423 1258 2463 tempestate
1283 2429 1325 2452 ex
1347 2420 1487 2452 hiberna
1510 2423 1658 2452 mutante
1680 2429 1722 2451 ac

302 2465 505 2503 apparente,
528 2465 653 2493 armato
680 2462 737 2505 qui
754 2466 887 2505 praesto
914 2468 987 2495 erat
1012 2464 1184 2505 exercitu,
1207 2464 1307 2507 inque
1329 2463 1428 2497 altam
1452 2463 1649 2508 phalangem
1668 2462 1723 2495 in-

301 2509 429 2537 structa
449 2505 540 2544 acie,
563 2505 794 2549 clangentibus
815 2508 924 2546 tubis,
947 2508 1181 2551 tympanisque
1198 2509 1506 2553 perstrepentibus,
1526 2512 1645 2541 ooutm
1658 2517 1722 2550 op-

300 2549 414 2592 pidum
435 2549 666 2592 proficiscitur,
713 2550 797 2582 Dum
818 2562 897 2584 vero
928 2552 997 2584 dux
1020 2558 1147 2586 turmas
1173 2564 1194 2586 a
1211 2554 1323 2587 fronte
1348 2554 1476 2593 finnat,
1501 2555 1537 2585 et
1553 2551 1588 2584 in

300 2593 495 2635 quadratum
522 2594 636 2638 copias
663 2595 853 2635 constituit,
877 2596 1042 2638 impudica
1071 2597 1252 2641 quaedam,
1276 2609 1422 2643 procax,
1445 2596 1620 2630 fastidiosa
1646 2607 1722 2629 mu-

300 2637 448 2678 liercula,
465 2639 615 2682 petulans
631 2638 803 2672 admodum
824 2650 864 2672 ac
882 2644 1052 2683 proterva,
1073 2653 1092 2673 a
1106 2643 1369 2687 propugnaculis
1387 2641 1606 2686 prospiciens,
1619 2651 1720 2684 prae-

300 2681 419 2724 stigias
441 2683 599 2726 quasdam
617 2691 652 2717 et
678 2683 922 2717 incantamenta
951 2686 1094 2728 peregit.
1139 2687 1267 2720 Ferunt
1293 2688 1380 2721 enim
1397 2686 1578 2719 Cretenses
1599 2683 1721 2717 vatici-

300 2727 507 2768 nationibus,
529 2728 704 2761 fraudibus
726 2728 837 2773 impiis
860 2732 896 2761 et
919 2730 1086 2762 erroribus
1112 2730 1263 2765 addictos
1289 2744 1382 2772 esse,
1405 2731 1584 2774 harumque
1610 2739 1721 2765 retum

298 2770 471 2804 scientiam
486 2772 721 2807 aManichaeis
738 2773 1001 2808 etaMoamethe
1019 2774 1202 2818 antiquitus
1212 2776 1392 2820 accepisse.
1436 2775 1557 2818 Neque
1573 2773 1637 2807 hm
1650 2773 1722 2807 sola
