1768 3034
292 157 387 205 184
823 162 1155 208 PRAEFATIO.

142 274 180 307 P.
206 275 270 309 118
292 270 488 327 ἔπωφελές
513 270 578 312 καὶ
606 270 840 327 ἓξαφανίζῃ,
877 272 957 311 δεΐν
980 267 1172 326 ᾠήθημεν
1187 271 1323 325 γραφῇ
1343 268 1591 326 παραδοῦναι
1610 263 1711 309 ταῦ-

287 352 381 393 την·
399 337 465 390 ἵν’,
486 337 628 379 εἴποτε
647 336 795 391 ταύτης
815 334 944 390 δεήσει
958 339 1239 392 Χριστιανοῒς,
1263 339 1402 390 καιροῦ
1419 351 1524 383 τινος
1543 333 1643 390 πρὸς
1663 333 1711 375 τὸ

286 406 431 458 μέλλον
450 408 678 455 καλοῦντος,
708 401 863 456 ἕτοιμός
880 404 963 445 ἔστι
979 403 1166 460 συνεργὸς
1183 402 1319 457 ἀγαθὴ
1339 406 1396 460 τῷ
1414 418 1456 444 τε
1472 406 1589 458 κοινῷ
1607 418 1710 442 παν-

288 474 326 513 τὶ
338 504 351 523 ,
389 473 454 513 καὶ
471 478 554 519 τοῖς
573 471 697 524 αὐτὴν
718 470 1105 527 μεταχειριζομένοις.
1150 467 1263 524 ἡμεῖς
1282 473 1378 525 γοῦν
1397 466 1548 522 ταύτην
1565 467 1612 510 οὗ
1631 485 1710 521 μο-

288 537 432 580 νονοὺ-κ
466 537 566 593 ἀκοῇ
590 536 910 594 παρειλήφαμεν,
956 537 1059 579 ἀλλὰ
1086 539 1152 578 καὶ
1177 534 1316 591 πεῖράν
1344 553 1434 578 τινα
1461 530 1555 590 παρ’
1586 534 1742 588 αὕτῆς5

287 603 579 658 ἐδιδάχθημεν·
614 604 660 646 τὸ
679 605 773 658 μὲν,
813 603 959 653 αὐτοὺς
986 602 1146 658 σχόντες
1174 601 1440 652 διδασκάλους
1460 603 1527 643 καὶ
1545 603 1709 643 παιδευ-

280 672 360 720 ’τὰς
386 671 480 720 τοὺς
504 668 675 725 ταύτην,
722 671 862 725 σχεδὸν
886 673 1025 723 εἰπεῖν,
1063 668 1303 727 ε’·φευρόντας
1326 669 1627 724 τὴν-μέθοδον
1653 666 1710 710 τὸ

288 739 332 779 δὲ
340 771 353 789 ,
400 737 465 780 καὶ
488 737 602 789 αὐτοὶ
618 736 734 791 μόνοι
754 736 880 793 ταύτῃ
891 736 1157 792 χρησάμενοι,
1195 739 1260 778 καὶ
1278 743 1416 793 πεῖραν
1434 736 1557 790 αὐτῆς
1574 736 1711 790 ἐγκολ-

286 803 519 858 πωσάμενοί
533 822 643 856 τινα,
682 805 785 846 κατὰ
803 804 850 846 τὸ
867 802 962 859 ἡμῖν
983 802 1154 861 ἐφικτόν.
1197 802 1297 859 αὕτη
1317 804 1449 845 τοίνυν
1468 802 1571 844 κατὰ
1589 805 1710 845 τοῦτο

287 870 363 925 ἴχει
391 872 437 913 τὸ
462 870 682 926 χρήσιμον,
720 870 781 913 ὅτι
801 888 897 926 περ,
936 871 981 913 οἳ
993 869 1143 924 ταύτην
1159 868 1439 924 μετήλθοσαν,
1474 869 1558 923 μετ’
1577 868 1710 923 ὀλίγου
1722 879 1768 912 10

250 945 279 978 Β
286 939 464 992 μαχίμου
491 942 592 979 λαοῦ
620 938 785 992 μέγιστα
804 940 870 979 καὶ
897 936 1236 992 ἀξιομνημόνευτα
1254 937 1474 986 ἓξετέλεσαν
1492 935 1599 991 ἔργα.
1645 937 1713 977 καὶ

287 1005 387 1060 γὰρ,
413 1004 528 1046 ἅτινα
546 1005 603 1058 μὴ
623 1009 884 1060 κατορθῶσαι
903 1005 1060 1058 ἴσχυσεν
1079 1002 1334 1058 ἢὲτόλμησεν
1351 1001 1588 1058 ἦῬωμαίων
1605 1000 1711 1056 σύμ-

284 1087 395 1112 πασα
417 1071 597 1126 στρατιὰ,
623 1070 686 1112 ὅτε
702 1071 752 1113 τὰ
781 1076 861 1113 τῶν
875 1073 1050 1113 Κιλίκων
1072 1072 1138 1112 καὶ
1158 1075 1230 1112 τοῦ
1248 1072 1434 1124 Χαμβδᾶ
1451 1069 1634 1124 ἤκμαζεν,
1656 1066 1712 1118 εἷς

284 1139 405 1179 ἐνίοτε
423 1142 504 1179 τῶν
523 1138 697 1194 ἀρίστων
716 1143 973 1194 στρατηγῶν,
1010 1138 1083 1180 σὺν
1099 1135 1211 1194 μόνῳ
1230 1141 1288 1194 τῷ
1305 1142 1377 1179 τοῦ
1395 1135 1471 1178 ὑπ’
1492 1136 1616 1178 αὐτὸν
1634 1136 1711 1178 θέ-

282 1221 412 1257 ματος
430 1207 515 1261 λαῷ
527 1237 541 1256 ,
579 1206 783 1259 φρονίμως
799 1206 865 1246 καὶ
892 1206 1084 1261 ἐμπείρως
1105 1204 1199 1253 τοὺς
1218 1205 1436 1258 πολεμίους,
1449 1201 1707 1257 ε’πιτηδευσά-
1718 1212 1763 1248 15

283 1288 414 1324 μενος,
451 1272 517 1312 καὶ
534 1275 704 1320 συνετῶς
722 1273 919 1320 διατεθεὶς
933 1274 1003 1314 ’καὶ
1022 1269 1311 1327 στρατηγήσας,
1340 1269 1551 1327 ’ἀπήρτισε.
1575 1274 1707 1313 ’τοῦτο

284 1339 331 1378 δέ
350 1355 503 1393 φαμεν,
540 1338 614 1391 οὖχ
633 1337 693 1380 ὅτι
715 1342 787 1380 τοῦ
816 1340 995 1387 πλείονος
1013 1339 1060 1380 τὰ
1081 1338 1212 1392 ὀλίγον
1228 1339 1489 1394 προκρίνομεν
1505 1336 1706 1392 μάχιμον·

285 1405 370 1445 οὐδ’
391 1403 451 1446 ὅτι
471 1403 620 1458 ταύτην
639 1406 842 1460 ἒξαίρομεν
859 1410 940 1447 τῶν
958 1409 1107 1447 λοιπῶν
1126 1403 1467 1460 στρατηγημάτων
1486 1407 1552 1445 καὶ
1571 1406 1658 1446 {mr
1670 1431 1706 1458 1·
1725 1414 1746 1438 ‘·

284 1469 492 1523 δευμάτων
519 1476 592 1525 τῆς
616 1476 823 1525 τακτικῆς·
860 1471 947 1513 ἀλλ’
977 1470 1036 1513 ὅτι
1055 1475 1286 1526 στρατηγῶν
1305 1478 1389 1519 τοῖς
1408 1470 1586 1530 ἀρίστοις
1604 1470 1706 1525 αὕτη

284 1538 470 1592 συνεργὸς
496 1538 637 1592 ἀρίστη
673 1539 940 1592 καθέστηκεν·
982 1538 1057 1589 ἵν’,
1096 1536 1160 1579 ὅτε
1192 1537 1249 1591 μὴ
1269 1529 1371 1579 κατὰ
1390 1536 1604 1592 πρόσωπον
1623 1545 1762 1587 rotz-20

249 1605 487 1659 Οπολεμίοις
514 1603 818 1647 ἀντιτάττεσθαι
845 1603 1050 1656 δύναιντο,
1087 1602 1213 1661 ταύτῃ
1240 1609 1288 1660 τῇ
1312 1603 1478 1663 μεθόδῳ
1491 1602 1704 1661 χρώμενοι,

374 1717 624 1764 ιέπωφελές.
653 1721 823 1755 Hactenus
840 1721 1058 1766 fragmentum
1075 1720 1152 1755 libri
1170 1721 1261 1766 apud
1276 1721 1497 1755 Lambecium.
1563 1722 1595 1757 3.
1619 1719 1705 1757 ἐστι.

374 1766 594 1799 scribendum
616 1767 745 1800 omnino
771 1762 816 1813 ᾖ
848 1768 907 1800 sed
935 1766 1093 1800 eiusmodi
1121 1766 1306 1800 soloecismi
1329 1770 1400 1799 toto
1422 1766 1479 1799 illo
1504 1765 1614 1799 libello
1636 1771 1704 1800 tam

375 1810 567 1854 frequentes
594 1817 689 1852 sunt,
713 1816 752 1845 ut
777 1812 955 1845 otiosorum
970 1816 1060 1845 esset
1080 1816 1194 1844 notare
1217 1811 1375 1854 singulos.
1421 1811 1530 1850 Quam
1557 1811 1704 1845 animad-

373 1855 558 1890 versionem
574 1868 688 1890 moneo
707 1856 742 1889 in
760 1857 961 1891 s1m111aloca
977 1856 1086 1891 omnia
1103 1867 1209 1901 aeque
1222 1855 1348 1891 valere.
1414 1857 1450 1892 8.
1470 1867 1617 1901 ταυτην
1628 1857 1703 1891 cod.

375 1899 429 1934 10
456 1897 514 1936 ὅτι
537 1901 620 1946 περὶ
638 1901 776 1947 ταύτην
797 1901 895 1936 codd.

284 2010 378 2032 usum
405 1999 475 2033 eius
501 2012 541 2033 ac
566 2001 710 2044 deleret,
733 2001 860 2035 idcirco
881 2000 1006 2046 scripto
1037 2000 1232 2034 tradendam
1259 2011 1331 2034 eam
1355 1998 1630 2034 existimavimus:
1653 2002 1703 2043 ut,

286 2044 315 2077 si
345 2055 488 2087 unquam
505 2045 576 2078 eius
603 2052 742 2090 egerent
761 2047 968 2087 Christiani,
992 2045 1166 2088 flagitante
1189 2045 1295 2079 futuri
1312 2045 1473 2089 temporis
1487 2044 1701 2085 necessitate,

284 2089 382 2133 quasi
397 2089 557 2143 quaedam
573 2091 669 2124 fortis
692 2091 837 2125 adiutrix
859 2103 931 2125 cum
955 2090 1158 2142 reipublicae
1178 2089 1372 2130 universae,
1394 2094 1463 2123 tum
1488 2089 1627 2122 maxime
1642 2089 1702 2122 ob-

285 2133 511 2167 senatoribus
526 2135 599 2168 eius
617 2141 751 2188 praesto
771 2140 871 2170 esset.
917 2136 1003 2169 Eam
1017 2134 1104 2167 enim
1122 2145 1183 2167 nos
1201 2146 1266 2167 non
1280 2134 1376 2167 modo
1395 2132 1566 2167 auditione
1583 2145 1702 2186 perce-
1765 2174 1768 2178 Α

287 2178 416 2222 pimus,
439 2189 554 2212 verum
580 2180 790 2223 experientia
809 2181 907 2214 etiam
924 2180 959 2213 in
978 2191 1019 2213 ea
1034 2189 1143 2212 sumus
1165 2178 1306 2212 eruditi·
1326 2179 1410 2212 illud
1434 2178 1589 2222 quidem,
1623 2178 1704 2222 quia

286 2226 523 2266 praeceptores
551 2235 591 2256 ac
614 2225 790 2268 magistros
813 2237 871 2258 eos
894 2224 983 2258 nacti
1008 2235 1134 2276 sumus,
1158 2223 1216 2267 qui
1238 2223 1337 2256 istam
1349 2223 1581 2275 belligerandi
1603 2223 1703 2265 viam,

285 2278 392 2311 prope
416 2267 539 2308 dicam,
563 2273 781 2312 aperuerunt:
804 2270 886 2310 hoc,
911 2267 1028 2321 quod'
1019 2267 1097 2320 1psi
1110 2272 1221 2301 nostro
1241 2267 1380 2301 arbitrio
1407 2279 1479 2301 eam
1498 2277 1703 2312 persequen-

286 2317 357 2352 tes,
379 2311 524 2355 aliquem
540 2313 611 2346 eius
628 2324 741 2353 usum,
765 2319 920 2357 quantum
936 2311 1097 2366 quidem‘
1087 2323 1122 2345 ιιι
1138 2313 1233 2346 nobis
1249 2313 1325 2353 fuit,
1345 2312 1576 2346 contraximus.
1615 2311 1702 2345 Pro-

283 2356 359 2389 ficit
376 2360 483 2390 autem
504 2356 677 2400 plurimum
696 2358 740 2390 ad
764 2358 867 2400 illud,
891 2357 999 2402 quod,
1024 2357 1081 2401 qui
1105 2368 1175 2390 eam
1198 2357 1386 2398 tenuerint,
1408 2368 1482 2390 cum
1507 2356 1627 2400 exiguo
1646 2367 1702 2389 at-

282 2404 442 2434 matorum
464 2412 599 2434 numero
624 2413 679 2435 res
704 2402 861 2436 maximas
888 2402 1106 2445 memoriaque
1133 2401 1252 2446 dignas
1276 2403 1502 2435 confecerunt.
1554 2399 1701 2439 Etenim,

282 2456 370 2489 quae
401 2446 538 2490 exsequi
554 2457 663 2490 neque
680 2447 791 2489 potuit
811 2458 920 2499 neque
943 2451 1082 2479 conatus
1100 2449 1154 2479 est
1170 2447 1345 2481 universus
1362 2447 1583 2480 Romanorum
1600 2452 1699 2478 exer-

281 2491 371 2522 citus
396 2495 514 2524 contra
541 2490 743 2524 firmissimas
766 2495 848 2525 tunc
877 2490 1015 2524 Cilicum
1038 2496 1073 2524 et
1100 2490 1306 2524 Chambdani
1335 2502 1453 2542 opes,
1467 2501 1509 2523 ea
1534 2500 1618 2522 unus
1646 2488 1698 2521 in-

282 2534 411 2568 terdum
444 2546 487 2568 ex
514 2535 805 2587 praestantissimis
841 2526 1000 2575 ducibus,
1041 2546 1113 2568 cum
1140 2536 1223 2569 solis
1250 2547 1332 2569 suae
1360 2533 1552 2588 provinciae
1579 2532 1698 2576 copiis,

282 2577 397 2612 hostes
422 2579 602 2622 prudenter
629 2591 669 2613 ac
695 2579 781 2613 scite
808 2590 1007 2622 aggressuS‚
1041 2579 1127 2613 bello
1150 2581 1378 2624 intelligenter
1403 2580 1563 2612 instructo
1594 2582 1699 2630 atque

285 2623 536 2665 administrato,
559 2623 714 2658 confecit.
761 2624 912 2657 Tametsi
929 2635 995 2657 non
1012 2623 1088 2657 ideo
1107 2624 1144 2657 id
1161 2625 1321 2665 dicimus,
1345 2623 1435 2676 quod
1450 2621 1578 2665 magnis
1594 2621 1700 2665 copiis

283 2667 422 2710 exiguas
442 2649 680 2713 praeierendas
704 2679 779 2702 esse
794 2673 966 2721 putemus:
990 2680 1097 2713 neque
1120 2674 1160 2702 ut
1184 2670 1269 2703 hanc
1293 2668 1438 2702 bellandi
1455 2666 1542 2699 viam
1566 2670 1700 2718 praeter

285 2712 415 2754 reliqua
433 2718 614 2747 commenta
637 2713 791 2747 militaria
817 2716 854 2746 et
873 2713 1010 2747 inventa
1032 2714 1245 2747 extollamus·
1273 2724 1387 2748 verum
1409 2711 1488 2764 quia
1506 2711 1700 2762 optimorum

283 2755 403 2789 ducum
421 2758 546 2801 optima
562 2758 710 2792 adiutrix
725 2757 873 2793 exstitit·
898 2761 954 2798 ut,
975 2758 1109 2802 quando
1125 2763 1221 2793 recta
1236 2759 1349 2793 fronte
1367 2758 1529 2792 obanter-e
1549 2754 1700 2789 hostibus
