1760 3034
385 146 664 192 NOMINUM
685 147 766 190 ET
791 146 1119 192 VERBORUM.

35 252 74 287 S.
90 249 277 286 Antiochu-
299 259 322 284 a
337 248 528 287 Godeffido
551 249 732 285 Tilmanno

82 307 261 341 perperam
278 295 401 330 Latine
415 294 571 329 redditus
578 294 659 337 495,
677 297 731 332 15.

31 339 269 387 Ἀπιστροφὴ
291 341 382 385 apud
399 341 554 374 rhetores
577 341 733 376 Graecos

12 416 14 419 ,
82 387 171 422 idem
192 387 283 432 quod
301 384 460 430 ἐπιφορὰ
478 385 566 424 477,
589 388 622 421 2.

37 433 202 468 Antonius
218 432 263 466 Π.
282 432 416 466 Paches
434 432 484 474 (V
486 431 532 465 id.
551 431 602 465 Le
619 430 732 471 Quien

82 478 218 513 Orient-
239 477 368 511 Christ.
386 477 415 512 1.
433 478 514 513 256.
537 477 598 521 C.)
623 477 733 522 patri-

83 523 190 557 archa
208 522 391 568 cplitanus
412 521 497 563 164,
521 523 555 558 7.

29 566 157 611 ’Ἆπνξ
181 570 249 603 τοῦ
277 565 410 609 κόλου,
436 570 512 612 pola·
528 568 650 610 fomis
675 579 734 602 se-

42 642 47 643 .
85 613 230 648 cundum
246 613 390 648 Ennium
407 612 496 654 409,
517 615 574 649 27.

40 659 194 694 on-istus
219 669 241 692 a
262 659 379 693 Leone
394 658 544 692 Diacono
568 659 641 692 loco
668 657 732 692 im-

0 725 1 728 =
83 703 231 750 perfecti
255 703 425 738 adhibitus
451 702 538 744 143,
564 705 617 739 12.
641 703 732 737 aori-

85 753 161 783 stus
187 748 393 782 subiunctivi
414 760 477 792 pro
502 750 616 782 futuro
634 748 730 790 XIX,

83 794 142 831 27.
166 795 227 829 131
241 818 252 835 ,
274 796 308 830 9.
331 793 517 828 infinitivus
533 794 648 828 aoristi
667 805 731 839 pro

84 839 255 874 infinitivo
290 839 396 873 futuri
426 841 519 879 120,
543 842 575 874 8.
614 846 731 873 contra

83 884 274 919 infinitivus
289 885 397 918 futuri
413 896 475 930 pro
490 885 656 919 infinitivo
671 897 733 919 ao-

85 930 165 965 xisti
179 929 259 971 XV,
272 929 329 965 38.
346 941 408 975 pro
420 930 598 975 participio
615 931 735 964 aoristi

85 985 267 1021 perperam
280 974 351 1008 Leo
362 974 501 1009 adhibet
520 976 734 1020 participium

44 1050 47 1052 ,
86 1020 277 1066 praesentis
293 1022 350 1061 61,
366 1021 419 1056 19.
438 1025 474 1054 et
487 1021 616 1054 omnino
634 1033 737 1066 prae-

86 1077 165 1105 sens
172 1076 235 1110 pro
248 1065 388 1107 aoristo,
395 1065 503 1100 minus
515 1067 603 1101 bene
610 1068 669 1110 59,
677 1069 736 1103 20.

42 1110 221 1156 Apambas.
257 1110 342 1144 Vide
361 1111 546 1145 Marianus.

43 1158 195 1202 Apamea
211 1167 232 1189 a
250 1155 376 1190 Ioanne
393 1156 562 1192 Tzimisce
575 1157 736 1204 Imperat.

91 1205 194 1246 capta
214 1202 299 1241 166,
322 1203 354 1236 8.

43 1247 64 1267 ³⁶
72 1243 344 1289 'Anoodpuiloffi
356 1247 642 1291 incomparabilis,
655 1248 738 1282 red-

90 1293 196 1326 ditum
209 1291 467 1337 Theopbylacto
481 1292 663 1337 Balgatiae
679 1304 737 1327 ar-

89 1337 303 1382 chiepiscopo
316 1336 404 1379 432,
426 1339 482 1372 23.

44 1383 67 1405 *
78 1381 368 1425 Ἅπαρόπλιστος,
391 1383 539 1416 nondum
554 1385 659 1418 armis
676 1384 736 1418 de-

89 1429 232 1463 stitutus
261 1430 350 1469 193,
374 1430 428 1463 11-
450 1426 541 1469 514,
565 1430 622 1464 33.

44 1468 234 1553 Zagrus>
256 1479 293 1508 et
315 1471 562 1509 ἀπαντώντων
597 1474 738 1509 confusa

169 1544 181 1560 ,
202 1521 236 1554 9.

41 1561 284 1608 {landricum
304 1563 358 1598 cui
392 1564 486 1598 casui
513 1576 535 1599 a
565 1564 738 1609 plerisque

93 1609 273 1653 iungatur,
295 1610 352 1642 cui
369 1620 391 1642 a
405 1609 521 1643 Leone
538 1609 627 1652 489,
647 1611 704 1646 31.

42 1653 323 1699 Ἀποβάλλοντες
357 1655 421 1696 59,
444 1656 501 1690 20.

48 1697 288 1744 Απογινῶσκω
305 1702 341 1734 et
358 1698 580 1744 ἐπιγινώσκει)
600 1700 740 1734 confusa

93 1748 160 1787 79,
183 1748 216 1781 9-

44 1786 232 1828 ’Anoxlst'm
243 1794 280 1824 et
294 1785 476 1825 ἆποκλῖνω
489 1790 628 1824 confusa
640 1790 694 1829 13,
707 1790 738 1823 1.

40 1834 223 1877 ”Axomog
254 1835 499 1879 significatione
530 1834 741 1880 quadruplici

93 1886 289 1926 usurpatum
330 1880 419 1923 437,
466 1882 521 1916 33.
561 1878 740 1920 ἄποπτον,

93 1925 230 1963 σκοπιαὶ
248 1931 283 1959 et
301 1925 464 1971 περιωπή
487 1926 672 1970 iunguntur
695 1926 739 1959 ab

95 1972 286 2008 oratoribus
302 1973 389 2012 438,
412 1974 469 2008 37.

49 2014 248 2054 Ἆποστελεῖ
279 2027 457 2062 perperam
486 2016 648 2062 scriptum
677 2026 742 2062 pro

96 2061 266 2099 ἀποτελεῖ
284 2065 372 2104 187,
396 2064 450 2098 17.

51 2109 246 2155 Apostolica
267 2107 339 2142 vita
363 2107 500 2142 Antonii
530 2106 745 2152 patriarchae

98 2153 184 2195 164,
213 2156 248 2189 9.
284 2153 320 2187 in
350 2153 575 2197 apostolorum
604 2152 746 2186 ecclesia

97 2209 222 2243 corpus
250 2198 437 2244 Nicephori
465 2199 599 2232 Phocae
628 2196 746 2231 condi-

98 2249 170 2278 tum
188 2245 254 2283 91,
277 2246 331 2278 11.

50 2289 279 2369 Ἀπῗὲλοῦἔι
298 2294 335 2322 et
351 2285 588 2325 ἆποστελοῦσι
608 2288 747 2322 confusa

98 2336 122 2369 2
178 2358 190 2375 ,
217 2336 235 2368 1
261 2357 271 2366 .

51 2378 343 2423 Ἀποτρίψασθαι
389 2381 425 2412 et
464 2376 748 2424 ἀποτρέψασθαι

100 2428 291 2470 permutata
308 2424 396 2464 492,
420 2425 478 2460 31.

50 2468 305 2514 Ἂκροὸπτως,
330 2470 372 2502 dc
396 2470 576 2514 improviso
606 2470 662 2510 13,
691 2470 746 2504 22.

52 2514 339 2559 ’Λπροφάσιστος
358 2513 602 2558 significatione
619 2514 748 2559 triplici

99 2565 297 2614 usurpatum
313 2558 400 2599 470,
426 2563 478 2596 18.

57 2607 198 2652 Apsyrta
228 2605 321 2639 locus
353 2604 389 2637 in
412 2603 636 2650 Eippiatricis
670 2604 746 2638 illu-

102 2656 230 2685 stnms
249 2650 338 2690 406,
359 2648 415 2684 41.

59 2707 122 2741 pro
153 2693 356 2740 Ἀπτερσὸτῳ
393 2696 537 2730 fortasse
572 2693 747 2739 legendum

105 2737 246 2787 ἀπτέρφ
262 2742 314 2787 τῷ
329 2742 392 2782 97,
413 2741 446 2776 3.
470 2739 558 2782 455,
583 2743 637 2776 11.

1375 139 1477 190 569

786 251 905 296 Aquae
929 251 1045 285 ἄνισα
1069 261 1157 295 quae
1185 261 1277 286 nunc
1302 256 1479 294 vocantur,

831 296 867 329 in
883 307 1019 330 recessu
1034 301 1151 340 portus
1166 296 1317 340 Cplitani
1333 299 1409 339 129,
1426 300 1482 334 15.

786 341 916 376 Arabes
925 340 1106 375 Cretenses
1114 344 1148 382 6,
1158 344 1176 377 1
1182 345 1212 378 1·
1219 344 1419 387 superbiunt
1433 345 1479 378 ob

831 387 958 420 cladem
979 386 1144 421 exercitui
1153 388 1367 422 Constantini
1383 390 1481 423 Gon-

832 431 934 476 gylae
951 431 1079 466 illatam
1095 434 1150 474 17,
1174 435 1207 468 6.
1230 433 1274 467 de
1293 445 1407 468 eorum
1421 446 1483 467 ex-

831 477 1043 510 cursionibus
1058 478 1231 512 maritimis
1247 490 1290 512 ex
1307 479 1414 513 Creta
1428 481 1482 513 fa-

833 522 899 556 ctis
916 522 977 566 qui
992 522 1177 567 scriptores
1193 524 1327 568 egerint
1350 525 1431 566 408,
1457 527 1480 560 8

832 567 1482 660 s‡.3;;b2253sffi3¹⁹t⁹231¹2.¹2

1277 640 1287 657 ,
1333 640 1343 648 .

835 662 872 691 et
883 670 980 692 enses
999 659 1089 693 inter
1101 659 1208 703 spolia
1226 671 1269 693 ex
1287 660 1355 694 illis
1370 662 1480 696 relata

830 705 877 738 28
888 729 900 744 ,
936 705 989 738 19.
1029 705 1176 738 Arabum
1209 705 1244 738 in
1270 706 1353 740 Asia
1379 718 1480 740 sexa-

831 749 928 792 ginta
953 750 1091 783 castella
1113 754 1215 794 capta
1240 752 1304 792 30,
1326 754 1360 786 2.
1383 752 1481 796 [378,

829 795 900 836 35.]
925 799 1043 827 contra
1057 796 1188 830 Arabes
1209 796 1398 831 Tarsenses
1413 798 1482 832 Ni-

830 839 1480 930 ffi122212222s⁹532t52.⁵.1;1{3·

831 930 940 964 manis
955 930 1081 964 relatae
1098 931 1262 966 victoriae
1276 934 1333 974 58,
1352 936 1408 969 20.
1425 946 1485 968 eo-

832 987 907 1010 rum
919 976 1123 1010 consuetudo
1138 977 1172 1009 in
1186 977 1308 1012 itinere
1326 979 1482 1013 faciendo

833 1023 917 1062 202,
937 1021 989 1055 15.
1008 1022 1139 1055 Arabes
1154 1022 1386 1066 mopsuesteni
1401 1028 1483 1059 λευ-

834 1068 997 1111 χείμονες
1011 1068 1068 1108 53,
1085 1065 1119 1101 4.
1136 1068 1179 1100 ab
1198 1069 1366 1102 Arabibus
1378 1070 1412 1103 in
1424 1071 1483 1104 Si-

835 1112 916 1146 cilia
924 1111 1058 1145 Manus}
1066 1112 1228 1156 patricius
1236 1114 1280 1147 ob
1292 1114 1485 1158 impruden-

834 1157 915 1191 tiam
925 1157 1037 1190 victus
1047 1159 1101 1198 66,
1123 1159 1176 1192 19.
1193 1160 1323 1193 Arabes
1342 1160 1376 1194 in
1389 1173 1486 1195 exer-

835 1202 907 1236 citu
920 1202 1128 1235 Chambdani
1138 1202 1216 1244 423,
1227 1205 1282 1238 31.
1300 1206 1429 1240 Arabes
1440 1207 1485 1241 ad

835 1247 1047 1300 Antiolfhiam
1066 1248 1100 1280 in
1111 1247 1212 1291 Syria
1223 1252 1485 1294 recuperandam

835 1292 1086 1372 ffli‘sszmffi
1106 1293 1312 1383 ssfflsszss
1333 1296 1487 1385 ΐῖἑνῗὶ

837 1385 923 1423 112,
946 1383 979 1417 5.
1003 1393 1115 1416 eorum
1131 1385 1250 1417 modus
1270 1397 1359 1419 saec.
1379 1398 1413 1420 x,
1431 1388 1487 1421 in-

834 1427 981 1462 vadendi
1000 1427 1084 1461 fines
1095 1428 1261 1462 Romanos
1276 1432 1356 1471 205,
1366 1432 1399 1464 6.
1417 1443 1485 1477 quo

835 1485 948 1508 mense
965 1475 1043 1514 196,
1059 1474 1095 1508 3.
1115 1480 1232 1508 contra
1248 1477 1375 1510 Arabes
1389 1478 1485 1511 locus

835 1519 1031 1553 insidiarum
1044 1520 1152 1563 qualis
1162 1531 1237 1554 esse
1252 1521 1354 1555 debet
1361 1523 1441 1563 233,
1449 1521 1486 1558 4.

834 1564 903 1609 ipsi
922 1575 987 1597 non
1004 1564 1066 1596 sub
1083 1565 1139 1598 dio
1150 1590 1161 1606 ,
1183 1566 1242 1598 sed
1258 1567 1486 1602 tabernaculis

838 1609 976 1644 statutis
991 1609 1134 1643 tendunt
1150 1611 1229 1652 253,
1252 1614 1308 1646 22.
1329 1609 1487 1658 Ἀράβων

839 1660 875 1689 et
902 1652 1048 1699 ἆγάβων
1070 1655 1209 1688 confusa
1230 1658 1295 1697 18,
1319 1659 1351 1692 8.
1386 1659 1488 1702 [Ara-

836 1701 898 1733 bes
934 1699 1036 1733 Tarsi
1068 1699 1103 1732 in
1139 1700 1361 1736 Romanorum
1404 1704 1486 1737 insi-

838 1745 913 1778 dias
928 1744 1114 1778 incidentes
1139 1747 1227 1788 378,
1257 1749 1289 1782 8.
1320 1749 1486 1783 Romanos

838 1790 976 1823 vincunt
991 1790 1070 1830 383,
1092 1791 1163 1834 27.]

793 1836 884 1871 Arca
900 1840 1043 1868 castrum
1055 1847 1075 1868 a
1087 1835 1280 1881 Nicephoro
1292 1837 1409 1873 Phoca
1423 1851 1485 1874 ex-

838 1886 1021 1925 pugnatum
1038 1882 1079 1915 71
1090 1906 1101 1921 ,
1126 1883 1182 1916 17.

794 1927 913 1962 Arcam
924 1926 1136 1969 sepulcralem
1146 1927 1196 1960 Io.
1207 1927 1393 1963 Tzimisces
1400 1930 1484 1974 Imp.

840 1971 906 2004 sibi
925 1978 1106 2015 praeparat
1117 1973 1152 2005 in
1166 1974 1361 2007 Servatoris
1375 1975 1486 2009 eccle-

840 2016 913 2057 sia,
937 2027 958 2048 a
976 2027 1014 2050 se
1031 2017 1207 2051 aedificata
1229 2020 1312 2060 177,
1337 2021 1391 2054 17.

796 2062 840 2096 ad
857 2061 1102 2105 Arcadiopolim
1119 2063 1279 2107 praelium
1292 2065 1381 2098 inter
1399 2067 1488 2100 Rus-

843 2118 899 2140 sos
924 2111 960 2139 et
977 2107 1130 2141 Graecos
1155 2106 1244 2150 466,
1276 2109 1309 2143 8.
1340 2111 1399 2144 ubi
1421 2111 1489 2146 sita

844 2152 1076 2196 Arcadiopolis
1098 2154 1178 2187 ibid.
1198 2156 1251 2190 12.

799 2198 908 2232 Arcus
930 2197 1087 2231 caelestis
1110 2198 1235 2232 animos
1257 2200 1488 2245 Cplitanorum

843 2243 950 2276 imbre
961 2244 1159 2287 perterritos
1173 2245 1345 2279 confirmat
1360 2247 1415 2286 69,
1433 2248 1486 2280 19.

800 2289 944 2322 Aretbas
967 2288 1010 2321 ab
1028 2288 1152 2323 Ioanne
1169 2290 1338 2324 Hentenio
1364 2302 1488 2335 perpe-

843 2344 913 2367 ram
929 2345 1048 2366 versus
1065 2333 1152 2376 448,
1179 2337 1232 2370 19.

799 2380 985 2422 Argentum
1016 2385 1052 2413 et
1078 2391 1195 2414 aurum
1221 2392 1243 2413 a
1271 2379 1488 2413 Chambdano

845 2423 998 2468 fugiente
1017 2436 1182 2469 sparsum,
1206 2430 1243 2458 ut
1254 2426 1418 2458 Romanos
1435 2426 1487 2458 in-

846 2473 1025 2514 sequentes
1042 2475 1227 2503 moraretur
1242 2471 1288 2504 23
1300 2494 1311 2510 ,
1332 2471 1364 2503 2.

802 2515 916 2595 Δι’ἑεδιὲ
942 2515 1099 2548 Pellaeus
1133 2515 1306 2549 Philonem
1340 2514 1490 2549 imitatur

914 2584 925 2600 ‚
948 2561 1005 2596 28.

802 2605 995 2640 Aristotelis
1022 2603 1195 2647 categoria
1216 2615 1324 2643 nona,
1347 2603 1489 2648 positio-

846 2650 899 2684 nis
918 2649 999 2690 416,
1021 2651 1077 2683 22.
1108 2649 1324 2683 Aristotelica
1345 2660 1412 2682 vox
1429 2649 1489 2684 εὖ·

847 2696 1007 2739 χείμερος
1036 2705 1058 2727 a
1098 2694 1225 2727 Mureti
1260 2694 1490 2730 emendatione

848 2740 1038 2775 vindicatur
1059 2738 1139 2780 492,
1161 2738 1217 2774 40.
