<?xml version="1.0" encoding="UTF-8"?>
<!DOCTYPE html PUBLIC "-//W3C//DTD XHTML 1.0 Transitional//EN"
    "http://www.w3.org/TR/xhtml1/DTD/xhtml1-transitional.dtd">
<html xmlns="http://www.w3.org/1999/xhtml" xml:lang="en" lang="en">
 <head>
  <title>
</title>
<meta http-equiv="Content-Type" content="text/html;charset=utf-8" />
  <meta name='ocr-system' content='tesseract 3.04.00' />
  <meta name='ocr-capabilities' content='ocr_page ocr_carea ocr_par ocr_line ocrx_word'/>
</head>
<body>
  <div class='ocr_page' id='page_1' title='image "./corpusscriptorum33niebuoft/corpusscriptorum33niebuoft_0425.png"; bbox 0 0 1748 3094; ppageno 0'>
   <div class='ocr_carea' id='block_1_1' title="bbox 131 186 1453 235">
    <p class='ocr_par' dir='ltr' id='par_1_1' title="bbox 131 186 1453 235">
     <span class='ocr_line' id='line_1_1' title="bbox 131 186 1453 235; baseline 0 -2"><span class='ocrx_word' id='word_1_1' title='bbox 131 190 211 233; x_wconf 88' lang='lat' dir='ltr'><strong>DE</strong></span> <span class='ocrx_word' id='word_1_2' title='bbox 236 189 439 233; x_wconf 87' lang='lat' dir='ltr'><strong>EXPED.</strong></span> <span class='ocrx_word' id='word_1_3' title='bbox 465 188 580 235; x_wconf 85' lang='lat' dir='ltr'>SYR.</span> <span class='ocrx_word' id='word_1_4' title='bbox 607 189 716 233; x_wconf 87' lang='lat' dir='ltr'>NIC.</span> <span class='ocrx_word' id='word_1_5' title='bbox 741 189 909 233; x_wconf 90' lang='lat' dir='ltr'><strong>PHOC.</strong></span> <span class='ocrx_word' id='word_1_6' title='bbox 935 190 1015 233; x_wconf 89' lang='grc' dir='ltr'><strong>ΕΤ</strong></span> <span class='ocrx_word' id='word_1_7' title='bbox 1043 191 1116 234; x_wconf 91' lang='lat'><strong>10.</strong></span> <span class='ocrx_word' id='word_1_8' title='bbox 1142 191 1299 235; x_wconf 86' lang='lat' dir='ltr'><strong>TZIM.</strong></span> <span class='ocrx_word' id='word_1_9' title='bbox 1358 186 1453 233; x_wconf 83' lang='lat'><strong>381</strong></span> 
     </span>
    </p>
   </div>
   <div class='ocr_carea' id='block_1_2' title="bbox 0 293 1459 2804">
    <p class='ocr_par' dir='ltr' id='par_1_2' title="bbox 0 293 1459 1808">
     <span class='ocr_line' id='line_1_2' title="bbox 70 293 1456 348; baseline 0 -13"><span class='ocrx_word' id='word_1_10' title='bbox 70 294 301 348; x_wconf 68' lang='lat' dir='ltr'><strong>opwestiam</strong></span> <span class='ocrx_word' id='word_1_11' title='bbox 320 293 470 334; x_wconf 79' lang='lat' dir='ltr'><strong>obsedit</strong></span> <span class='ocrx_word' id='word_1_12' title='bbox 480 301 519 333; x_wconf 88' lang='lat' dir='ltr'><strong>et</strong></span> <span class='ocrx_word' id='word_1_13' title='bbox 534 300 741 347; x_wconf 73' lang='lat' dir='ltr'><strong>postquam</strong></span> <span class='ocrx_word' id='word_1_14' title='bbox 760 294 864 347; x_wconf 81' lang='lat' dir='ltr'><strong>cepit</strong></span> <span class='ocrx_word' id='word_1_15' title='bbox 882 293 944 332; x_wconf 82' lang='lat' dir='ltr'><strong>die</strong></span> <span class='ocrx_word' id='word_1_16' title='bbox 958 295 1138 346; x_wconf 80' lang='lat' dir='ltr'><strong>Saturni,</strong></span> <span class='ocrx_word' id='word_1_17' title='bbox 1160 295 1221 334; x_wconf 87' lang='lat' dir='ltr'><strong>die</strong></span> <span class='ocrx_word' id='word_1_18' title='bbox 1243 298 1295 338; x_wconf 84' lang='lat'><strong>13</strong></span> <span class='ocrx_word' id='word_1_19' title='bbox 1314 296 1456 336; x_wconf 77' lang='lat' dir='ltr'><strong>mensis</strong></span> 
     </span>
     <span class='ocr_line' id='line_1_3' title="bbox 29 360 1456 411; baseline 0.001 -10"><span class='ocrx_word' id='word_1_20' title='bbox 29 360 248 401; x_wconf 65' lang='lat' dir='ltr'><strong>Radnehabi</strong></span> <span class='ocrx_word' id='word_1_21' title='bbox 282 360 401 400; x_wconf 87' lang='lat' dir='ltr'><strong>huius</strong></span> <span class='ocrx_word' id='word_1_22' title='bbox 433 361 547 411; x_wconf 88' lang='lat' dir='ltr'><strong>anni,</strong></span> <span class='ocrx_word' id='word_1_23' title='bbox 589 374 763 411; x_wconf 86' lang='lat' dir='ltr'><strong>magnam</strong></span> <span class='ocrx_word' id='word_1_24' title='bbox 801 361 955 399; x_wconf 83' lang='lat' dir='ltr'><strong>caedem</strong></span> <span class='ocrx_word' id='word_1_25' title='bbox 984 361 1028 399; x_wconf 87' lang='lat' dir='ltr'><strong>in</strong></span> <span class='ocrx_word' id='word_1_26' title='bbox 1055 375 1098 400; x_wconf 87' lang='lat' dir='ltr'><strong>ea</strong></span> <span class='ocrx_word' id='word_1_27' title='bbox 1124 362 1258 411; x_wconf 58' lang='lat' dir='ltr'><strong>edidit,</strong></span> <span class='ocrx_word' id='word_1_28' title='bbox 1323 364 1456 411; x_wconf 87' lang='lat' dir='ltr'><strong>Quum</strong></span> 
     </span>
     <span class='ocr_line' id='line_1_4' title="bbox 31 426 1456 478; baseline 0.002 -12"><span class='ocrx_word' id='word_1_29' title='bbox 31 432 219 478; x_wconf 68' lang='grc'>200,000’</span> <span class='ocrx_word' id='word_1_30' title='bbox 233 428 434 478; x_wconf 75' lang='lat' dir='ltr'><strong>virorum,</strong></span> <span class='ocrx_word' id='word_1_31' title='bbox 470 428 675 466; x_wconf 83' lang='lat' dir='ltr'>mulierum</span> <span class='ocrx_word' id='word_1_32' title='bbox 695 434 733 466; x_wconf 88' lang='lat' dir='ltr'><strong>et</strong></span> <span class='ocrx_word' id='word_1_33' title='bbox 751 427 965 466; x_wconf 78' lang='lat' dir='ltr'><strong>liberorum</strong></span> <span class='ocrx_word' id='word_1_34' title='bbox 986 426 1119 466; x_wconf 79' lang='lat' dir='ltr'><strong>vincta</strong></span> <span class='ocrx_word' id='word_1_35' title='bbox 1141 428 1186 466; x_wconf 86' lang='lat' dir='ltr'><strong>in</strong></span> <span class='ocrx_word' id='word_1_36' title='bbox 1209 435 1353 468; x_wconf 86' lang='lat' dir='ltr'><strong>terram</strong></span> <span class='ocrx_word' id='word_1_37' title='bbox 1371 431 1456 469; x_wconf 86' lang='lat' dir='ltr'><strong>Ro-</strong></span> 
     </span>
     <span class='ocr_line' id='line_1_5' title="bbox 31 493 1459 545; baseline 0.001 -11"><span class='ocrx_word' id='word_1_38' title='bbox 31 508 237 535; x_wconf 85' lang='lat' dir='ltr'><strong>manorum</strong></span> <span class='ocrx_word' id='word_1_39' title='bbox 253 493 431 542; x_wconf 80' lang='lat' dir='ltr'><strong>misisset,</strong></span> <span class='ocrx_word' id='word_1_40' title='bbox 461 494 512 532; x_wconf 81' lang='lat' dir='ltr'><strong>ad</strong></span> <span class='ocrx_word' id='word_1_41' title='bbox 529 495 690 532; x_wconf 86' lang='lat' dir='ltr'><strong>Tarsum</strong></span> <span class='ocrx_word' id='word_1_42' title='bbox 711 493 1006 545; x_wconf 85' lang='lat' dir='ltr'><strong>oppugnandam</strong></span> <span class='ocrx_word' id='word_1_43' title='bbox 1018 495 1216 545; x_wconf 79' lang='lat' dir='ltr'><strong>profectus</strong></span> <span class='ocrx_word' id='word_1_44' title='bbox 1231 502 1300 535; x_wconf 86' lang='lat' dir='ltr'><strong>est.</strong></span> <span class='ocrx_word' id='word_1_45' title='bbox 1339 497 1459 535; x_wconf 89' lang='lat' dir='ltr'><strong>Cuius</strong></span> 
     </span>
     <span class='ocr_line' id='line_1_6' title="bbox 32 560 1456 614; baseline 0.001 -14"><span class='ocrx_word' id='word_1_46' title='bbox 32 562 137 602; x_wconf 85' lang='lat' dir='ltr'><strong>cives</strong></span> <span class='ocrx_word' id='word_1_47' title='bbox 160 574 282 614; x_wconf 84' lang='lat' dir='ltr'><strong>quum</strong></span> <span class='ocrx_word' id='word_1_48' title='bbox 307 560 503 613; x_wconf 85' lang='lat' dir='ltr'><strong>supplices</strong></span> <span class='ocrx_word' id='word_1_49' title='bbox 530 561 838 599; x_wconf 84' lang='lat' dir='ltr'><strong>incolumitatem</strong></span> <span class='ocrx_word' id='word_1_50' title='bbox 864 561 912 597; x_wconf 89' lang='lat' dir='ltr'><strong>ab</strong></span> <span class='ocrx_word' id='word_1_51' title='bbox 940 573 984 598; x_wconf 91' lang='lat' dir='ltr'><strong>eo</strong></span> <span class='ocrx_word' id='word_1_52' title='bbox 1008 566 1201 612; x_wconf 87' lang='lat' dir='ltr'><strong>peterent,</strong></span> <span class='ocrx_word' id='word_1_53' title='bbox 1229 563 1456 614; x_wconf 81' lang='lat' dir='ltr'><strong>pollicentes</strong></span> 
     </span>
     <span class='ocr_line' id='line_1_7' title="bbox 19 625 1452 680; baseline 0.001 -14"><span class='ocrx_word' id='word_1_54' title='bbox 19 642 69 673; x_wconf 63' lang='lat' dir='ltr'><strong>&gt;se</strong></span> <span class='ocrx_word' id='word_1_55' title='bbox 87 634 220 680; x_wconf 82' lang='lat' dir='ltr'><strong>portas</strong></span> <span class='ocrx_word' id='word_1_56' title='bbox 240 633 452 680; x_wconf 84' lang='lat' dir='ltr'><strong>aperturos,</strong></span> <span class='ocrx_word' id='word_1_57' title='bbox 473 627 655 666; x_wconf 87' lang='lat' dir='ltr'><strong>misertus</strong></span> <span class='ocrx_word' id='word_1_58' title='bbox 675 641 807 666; x_wconf 89' lang='lat' dir='ltr'><strong>eorum</strong></span> <span class='ocrx_word' id='word_1_59' title='bbox 823 626 1025 679; x_wconf 78' lang='lat' dir='ltr'>promisit,</span> <span class='ocrx_word' id='word_1_60' title='bbox 1044 639 1083 664; x_wconf 87' lang='lat' dir='ltr'><strong>se</strong></span> <span class='ocrx_word' id='word_1_61' title='bbox 1100 625 1222 666; x_wconf 82' lang='lat' dir='ltr'><strong>vitam</strong></span> <span class='ocrx_word' id='word_1_62' title='bbox 1239 627 1319 666; x_wconf 85' lang='lat' dir='ltr'><strong>illis</strong></span> <span class='ocrx_word' id='word_1_63' title='bbox 1337 641 1452 680; x_wconf 83' lang='lat' dir='ltr'><strong>opes-</strong></span> 
     </span>
     <span class='ocr_line' id='line_1_8' title="bbox 30 692 1454 747; baseline 0.001 -14"><span class='ocrx_word' id='word_1_64' title='bbox 30 708 106 747; x_wconf 87' lang='lat' dir='ltr'><strong>que</strong></span> <span class='ocrx_word' id='word_1_65' title='bbox 123 701 378 734; x_wconf 83' lang='lat' dir='ltr'><strong>servaturum.</strong></span> <span class='ocrx_word' id='word_1_66' title='bbox 432 694 629 744; x_wconf 77' lang='lat' dir='ltr'><strong>Ingressus</strong></span> <span class='ocrx_word' id='word_1_67' title='bbox 648 695 783 732; x_wconf 85' lang='lat' dir='ltr'><strong>urbem</strong></span> <span class='ocrx_word' id='word_1_68' title='bbox 802 693 999 745; x_wconf 85' lang='lat' dir='ltr'><strong>principes</strong></span> <span class='ocrx_word' id='word_1_69' title='bbox 1024 692 1170 732; x_wconf 78' lang='lat' dir='ltr'><strong>Arabes</strong></span> <span class='ocrx_word' id='word_1_70' title='bbox 1187 693 1355 732; x_wconf 82' lang='lat' dir='ltr'><strong>multum</strong></span> <span class='ocrx_word' id='word_1_71' title='bbox 1374 694 1454 734; x_wconf 86' lang='lat' dir='ltr'><strong>ho-</strong></span> 
     </span>
     <span class='ocr_line' id='line_1_9' title="bbox 28 759 1451 812; baseline 0 -13"><span class='ocrx_word' id='word_1_72' title='bbox 28 761 206 809; x_wconf 79' lang='lat' dir='ltr'><strong>noravit,</strong></span> <span class='ocrx_word' id='word_1_73' title='bbox 246 773 399 799; x_wconf 81' lang='lat' dir='ltr'><strong>mensae</strong></span> <span class='ocrx_word' id='word_1_74' title='bbox 436 760 615 799; x_wconf 84' lang='lat' dir='ltr'><strong>adhibuit</strong></span> <span class='ocrx_word' id='word_1_75' title='bbox 641 767 680 799; x_wconf 90' lang='lat' dir='ltr'><strong>et</strong></span> <span class='ocrx_word' id='word_1_76' title='bbox 704 760 857 808; x_wconf 86' lang='lat' dir='ltr'><strong>iussos,</strong></span> <span class='ocrx_word' id='word_1_77' title='bbox 900 759 1094 810; x_wconf 85' lang='lat' dir='ltr'><strong>quidquid</strong></span> <span class='ocrx_word' id='word_1_78' title='bbox 1126 773 1246 811; x_wconf 91' lang='lat' dir='ltr'><strong>opum</strong></span> <span class='ocrx_word' id='word_1_79' title='bbox 1280 767 1451 812; x_wconf 86' lang='lat' dir='ltr'><strong>possent,</strong></span> 
     </span>
     <span class='ocr_line' id='line_1_10' title="bbox 27 825 1454 878; baseline 0 -13"><span class='ocrx_word' id='word_1_80' title='bbox 27 840 158 865; x_wconf 89' lang='lat' dir='ltr'><strong>secum</strong></span> <span class='ocrx_word' id='word_1_81' title='bbox 174 827 346 878; x_wconf 79' lang='lat' dir='ltr'><strong>auferre,</strong></span> <span class='ocrx_word' id='word_1_82' title='bbox 375 827 621 866; x_wconf 83' lang='lat' dir='ltr'><strong>Antiochiam</strong></span> <span class='ocrx_word' id='word_1_83' title='bbox 640 827 766 875; x_wconf 88' lang='lat' dir='ltr'><strong>misit,</strong></span> <span class='ocrx_word' id='word_1_84' title='bbox 793 827 896 864; x_wconf 79' lang='lat' dir='ltr'><strong>facta</strong></span> <span class='ocrx_word' id='word_1_85' title='bbox 919 825 1033 863; x_wconf 83' lang='lat' dir='ltr'><strong>etiam</strong></span> <span class='ocrx_word' id='word_1_86' title='bbox 1054 832 1262 877; x_wconf 79' lang='lat' dir='ltr'><strong>potestate,</strong></span> <span class='ocrx_word' id='word_1_87' title='bbox 1289 831 1336 863; x_wconf 89' lang='lat' dir='ltr'><strong>ut</strong></span> <span class='ocrx_word' id='word_1_88' title='bbox 1361 826 1454 877; x_wconf 48' lang='lat' dir='ltr'><strong>qui,</strong></span> 
     </span>
     <span class='ocr_line' id='line_1_11' title="bbox 27 891 1452 944; baseline 0 -13"><span class='ocrx_word' id='word_1_89' title='bbox 27 906 179 944; x_wconf 86' lang='lat' dir='ltr'><strong>cunque</strong></span> <span class='ocrx_word' id='word_1_90' title='bbox 205 907 287 931; x_wconf 89' lang='lat' dir='ltr'><strong>non</strong></span> <span class='ocrx_word' id='word_1_91' title='bbox 314 893 581 943; x_wconf 82' lang='lat' dir='ltr'><strong>Antiochiam,</strong></span> <span class='ocrx_word' id='word_1_92' title='bbox 619 893 687 932; x_wconf 86' lang='lat' dir='ltr'><strong>sed</strong></span> <span class='ocrx_word' id='word_1_93' title='bbox 713 893 756 930; x_wconf 91' lang='lat' dir='ltr'><strong>in</strong></span> <span class='ocrx_word' id='word_1_94' title='bbox 781 892 874 931; x_wconf 84' lang='lat' dir='ltr'><strong>alias</strong></span> <span class='ocrx_word' id='word_1_95' title='bbox 902 891 1071 930; x_wconf 85' lang='lat' dir='ltr'><strong>Arabum</strong></span> <span class='ocrx_word' id='word_1_96' title='bbox 1094 892 1207 931; x_wconf 88' lang='lat' dir='ltr'><strong>urbes</strong></span> <span class='ocrx_word' id='word_1_97' title='bbox 1230 892 1287 930; x_wconf 86' lang='lat' dir='ltr'><strong>ire</strong></span> <span class='ocrx_word' id='word_1_98' title='bbox 1307 893 1452 942; x_wconf 82' lang='lat' dir='ltr'><strong>mallet,</strong></span> 
     </span>
     <span class='ocr_line' id='line_1_12' title="bbox 27 959 1449 1011; baseline 0 -14"><span class='ocrx_word' id='word_1_99' title='bbox 27 972 264 1011; x_wconf 88' lang='lat' dir='ltr'><strong>quocunque</strong></span> <span class='ocrx_word' id='word_1_100' title='bbox 283 960 421 1008; x_wconf 83' lang='lat' dir='ltr'><strong>vellet,</strong></span> <span class='ocrx_word' id='word_1_101' title='bbox 451 959 585 998; x_wconf 89' lang='lat' dir='ltr'><strong>abiret.</strong></span> <span class='ocrx_word' id='word_1_102' title='bbox 640 959 755 997; x_wconf 85' lang='lat' dir='ltr'><strong>Dedit</strong></span> <span class='ocrx_word' id='word_1_103' title='bbox 781 971 935 1010; x_wconf 81' lang='lat' dir='ltr'><strong>quoque</strong></span> <span class='ocrx_word' id='word_1_104' title='bbox 957 959 1136 997; x_wconf 82' lang='lat' dir='ltr'><strong>custodes</strong></span> <span class='ocrx_word' id='word_1_105' title='bbox 1154 965 1232 997; x_wconf 87' lang='lat' dir='ltr'><strong>tres</strong></span> <span class='ocrx_word' id='word_1_106' title='bbox 1249 959 1449 1010; x_wconf 86' lang='lat' dir='ltr'><strong>patricios,</strong></span> 
     </span>
     <span class='ocr_line' id='line_1_13' title="bbox 26 1025 1452 1078; baseline -0.001 -13"><span class='ocrx_word' id='word_1_107' title='bbox 26 1027 95 1078; x_wconf 82' lang='lat' dir='ltr'><strong>qui</strong></span> <span class='ocrx_word' id='word_1_108' title='bbox 121 1027 168 1064; x_wconf 88' lang='lat' dir='ltr'><strong>ab</strong></span> <span class='ocrx_word' id='word_1_109' title='bbox 197 1027 303 1064; x_wconf 88' lang='lat' dir='ltr'><strong>omni</strong></span> <span class='ocrx_word' id='word_1_110' title='bbox 330 1039 396 1064; x_wconf 90' lang='lat' dir='ltr'><strong>eos</strong></span> <span class='ocrx_word' id='word_1_111' title='bbox 414 1026 557 1064; x_wconf 88' lang='lat' dir='ltr'><strong>iniuria</strong></span> <span class='ocrx_word' id='word_1_112' title='bbox 583 1026 843 1064; x_wconf 76' lang='lat' dir='ltr'><strong>defenderent.</strong></span> <span class='ocrx_word' id='word_1_113' title='bbox 898 1025 1076 1064; x_wconf 77' lang='lat' dir='ltr'><strong>Armenia</strong></span> <span class='ocrx_word' id='word_1_114' title='bbox 1106 1026 1355 1077; x_wconf 77' lang='lat' dir='ltr'><strong>quibusdam,</strong></span> <span class='ocrx_word' id='word_1_115' title='bbox 1384 1025 1452 1076; x_wconf 87' lang='lat' dir='ltr'><strong>qui</strong></span> 
     </span>
     <span class='ocr_line' id='line_1_14' title="bbox 25 1092 1452 1144; baseline -0.002 -12"><span class='ocrx_word' id='word_1_116' title='bbox 25 1093 226 1132; x_wconf 88' lang='lat' dir='ltr'><strong>nonnullis</strong></span> <span class='ocrx_word' id='word_1_117' title='bbox 247 1093 437 1131; x_wconf 86' lang='lat' dir='ltr'><strong>Arabibus</strong></span> <span class='ocrx_word' id='word_1_118' title='bbox 464 1106 599 1131; x_wconf 89' lang='lat' dir='ltr'><strong>manus</strong></span> <span class='ocrx_word' id='word_1_119' title='bbox 626 1092 860 1138; x_wconf 81' lang='lat' dir='ltr'><strong>intulerant,</strong></span> <span class='ocrx_word' id='word_1_120' title='bbox 890 1105 1027 1130; x_wconf 89' lang='lat' dir='ltr'><strong>manus</strong></span> <span class='ocrx_word' id='word_1_121' title='bbox 1054 1105 1243 1143; x_wconf 85' lang='lat' dir='ltr'><strong>nasosque</strong></span> <span class='ocrx_word' id='word_1_122' title='bbox 1269 1098 1452 1144; x_wconf 88' lang='lat' dir='ltr'><strong>amputa-</strong></span> 
     </span>
     <span class='ocr_line' id='line_1_15' title="bbox 24 1157 1449 1211; baseline -0.001 -13"><span class='ocrx_word' id='word_1_123' title='bbox 24 1160 94 1209; x_wconf 82' lang='lat' dir='ltr'><strong>vit,</strong></span> <span class='ocrx_word' id='word_1_124' title='bbox 111 1166 317 1211; x_wconf 87' lang='lat' dir='ltr'><strong>postquam</strong></span> <span class='ocrx_word' id='word_1_125' title='bbox 335 1159 503 1196; x_wconf 86' lang='lat' dir='ltr'><strong>multum</strong></span> <span class='ocrx_word' id='word_1_126' title='bbox 523 1158 684 1208; x_wconf 82' lang='lat' dir='ltr'><strong>flagellis</strong></span> <span class='ocrx_word' id='word_1_127' title='bbox 703 1157 803 1195; x_wconf 85' lang='lat' dir='ltr'><strong>caesi</strong></span> <span class='ocrx_word' id='word_1_128' title='bbox 824 1165 943 1196; x_wconf 89' lang='lat' dir='ltr'><strong>erant.</strong></span> <span class='ocrx_word' id='word_1_129' title='bbox 980 1159 1140 1208; x_wconf 86' lang='lat' dir='ltr'><strong>Legatos</strong></span> <span class='ocrx_word' id='word_1_130' title='bbox 1156 1158 1199 1196; x_wconf 91' lang='lat' dir='ltr'><strong>in</strong></span> <span class='ocrx_word' id='word_1_131' title='bbox 1217 1172 1348 1196; x_wconf 88' lang='lat' dir='ltr'><strong>omnes</strong></span> <span class='ocrx_word' id='word_1_132' title='bbox 1363 1158 1449 1196; x_wconf 77' lang='lat' dir='ltr'><strong>vias</strong></span> 
     </span>
     <span class='ocr_line' id='line_1_16' title="bbox 25 1223 1450 1276; baseline -0.001 -12"><span class='ocrx_word' id='word_1_133' title='bbox 25 1239 113 1264; x_wconf 88' lang='lat' dir='ltr'><strong>cum</strong></span> <span class='ocrx_word' id='word_1_134' title='bbox 142 1226 221 1263; x_wconf 91' lang='lat' dir='ltr'><strong>illis</strong></span> <span class='ocrx_word' id='word_1_135' title='bbox 245 1225 352 1263; x_wconf 87' lang='lat' dir='ltr'><strong>misit</strong></span> <span class='ocrx_word' id='word_1_136' title='bbox 377 1230 415 1262; x_wconf 88' lang='lat' dir='ltr'><strong>et</strong></span> <span class='ocrx_word' id='word_1_137' title='bbox 443 1237 594 1262; x_wconf 88' lang='lat' dir='ltr'><strong>omnem</strong></span> <span class='ocrx_word' id='word_1_138' title='bbox 626 1223 734 1262; x_wconf 86' lang='lat' dir='ltr'><strong>dedit</strong></span> <span class='ocrx_word' id='word_1_139' title='bbox 762 1229 937 1273; x_wconf 79' lang='lat' dir='ltr'><strong>operam,</strong></span> <span class='ocrx_word' id='word_1_140' title='bbox 977 1229 1024 1264; x_wconf 87' lang='lat' dir='ltr'><strong>ut</strong></span> <span class='ocrx_word' id='word_1_141' title='bbox 1049 1225 1151 1261; x_wconf 91' lang='lat' dir='ltr'><strong>bona</strong></span> <span class='ocrx_word' id='word_1_142' title='bbox 1178 1237 1267 1262; x_wconf 86' lang='lat' dir='ltr'><strong>cum</strong></span> <span class='ocrx_word' id='word_1_143' title='bbox 1284 1238 1381 1276; x_wconf 89' lang='lat' dir='ltr'><strong>pace</strong></span> <span class='ocrx_word' id='word_1_144' title='bbox 1399 1225 1450 1262; x_wconf 85' lang='lat' dir='ltr'><strong>ad</strong></span> 
     </span>
     <span class='ocr_line' id='line_1_17' title="bbox 23 1289 1449 1341; baseline -0.002 -10"><span class='ocrx_word' id='word_1_145' title='bbox 23 1292 189 1341; x_wconf 87' lang='lat' dir='ltr'><strong>Arabes,</strong></span> <span class='ocrx_word' id='word_1_146' title='bbox 220 1291 345 1330; x_wconf 86' lang='lat' dir='ltr'><strong>socios</strong></span> <span class='ocrx_word' id='word_1_147' title='bbox 364 1304 477 1339; x_wconf 63' lang='lat' dir='ltr'><strong>suos»,</strong></span> <span class='ocrx_word' id='word_1_148' title='bbox 505 1291 764 1341; x_wconf 87' lang='lat' dir='ltr'><strong>pervenirent.</strong></span> <span class='ocrx_word' id='word_1_149' title='bbox 820 1289 1025 1340; x_wconf 87' lang='lat' dir='ltr'><strong>Templum</strong></span> <span class='ocrx_word' id='word_1_150' title='bbox 1049 1290 1235 1327; x_wconf 86' lang='lat' dir='ltr'><strong>Tarsense</strong></span> <span class='ocrx_word' id='word_1_151' title='bbox 1260 1303 1449 1340; x_wconf 88' lang='lat' dir='ltr'><strong>equorum</strong></span> 
     </span>
     <span class='ocr_line' id='line_1_18' title="bbox 26 1355 1449 1408; baseline 0 -13"><span class='ocrx_word' id='word_1_152' title='bbox 26 1358 220 1396; x_wconf 82' lang='lat' dir='ltr'><strong>stabulum</strong></span> <span class='ocrx_word' id='word_1_153' title='bbox 246 1358 350 1397; x_wconf 87' lang='lat' dir='ltr'><strong>fecit.</strong></span> <span class='ocrx_word' id='word_1_154' title='bbox 415 1358 534 1395; x_wconf 85' lang='lat' dir='ltr'><strong>Tarso</strong></span> <span class='ocrx_word' id='word_1_155' title='bbox 562 1356 770 1408; x_wconf 84' lang='lat' dir='ltr'><strong>patricium</strong></span> <span class='ocrx_word' id='word_1_156' title='bbox 802 1368 891 1392; x_wconf 90' lang='lat' dir='ltr'><strong>cum</strong></span> <span class='ocrx_word' id='word_1_157' title='bbox 924 1355 1032 1397; x_wconf 89' lang='lat'><strong>5000</strong></span> <span class='ocrx_word' id='word_1_158' title='bbox 1062 1355 1233 1405; x_wconf 89' lang='lat' dir='ltr'><strong>equitum</strong></span> <span class='ocrx_word' id='word_1_159' title='bbox 1262 1356 1449 1408; x_wconf 87' lang='lat' dir='ltr'><strong>imposuit</strong></span> 
     </span>
     <span class='ocr_line' id='line_1_19' title="bbox 23 1421 1449 1477; baseline -0.001 -15"><span class='ocrx_word' id='word_1_160' title='bbox 23 1424 272 1477; x_wconf 84' lang='lat' dir='ltr'><strong>praesidium.</strong></span> <span class='ocrx_word' id='word_1_161' title='bbox 325 1424 453 1462; x_wconf 85' lang='lat' dir='ltr'><strong>Etiam</strong></span> <span class='ocrx_word' id='word_1_162' title='bbox 469 1422 648 1460; x_wconf 83' lang='lat' dir='ltr'><strong>Massisae</strong></span> <span class='ocrx_word' id='word_1_163' title='bbox 668 1422 787 1459; x_wconf 87' lang='lat' dir='ltr'><strong>alium</strong></span> <span class='ocrx_word' id='word_1_164' title='bbox 804 1421 1013 1473; x_wconf 83' lang='lat' dir='ltr'><strong>patricium</strong></span> <span class='ocrx_word' id='word_1_165' title='bbox 1032 1422 1203 1472; x_wconf 86' lang='lat' dir='ltr'><strong>reliquit.</strong></span> <span class='ocrx_word' id='word_1_166' title='bbox 1257 1423 1449 1461; x_wconf 84' lang='lat' dir='ltr'><strong>Restituta</strong></span> 
     </span>
     <span class='ocr_line' id='line_1_20' title="bbox 24 1487 1448 1540; baseline -0.002 -10"><span class='ocrx_word' id='word_1_167' title='bbox 24 1491 168 1530; x_wconf 81' lang='lat' dir='ltr'><strong>Tarsus</strong></span> <span class='ocrx_word' id='word_1_168' title='bbox 194 1491 362 1529; x_wconf 90' lang='lat' dir='ltr'><strong>multum</strong></span> <span class='ocrx_word' id='word_1_169' title='bbox 388 1490 529 1527; x_wconf 87' lang='lat' dir='ltr'><strong>florere</strong></span> <span class='ocrx_word' id='word_1_170' title='bbox 559 1489 697 1540; x_wconf 86' lang='lat' dir='ltr'><strong>coepit.</strong></span> <span class='ocrx_word' id='word_1_171' title='bbox 753 1489 875 1525; x_wconf 90' lang='lat' dir='ltr'><strong>Tanta</strong></span> <span class='ocrx_word' id='word_1_172' title='bbox 894 1487 1037 1525; x_wconf 87' lang='lat' dir='ltr'><strong>eratin</strong></span> <span class='ocrx_word' id='word_1_173' title='bbox 1055 1501 1098 1525; x_wconf 87' lang='lat' dir='ltr'><strong>ea</strong></span> <span class='ocrx_word' id='word_1_174' title='bbox 1123 1502 1298 1527; x_wconf 86' lang='lat' dir='ltr'><strong>annonae</strong></span> <span class='ocrx_word' id='word_1_175' title='bbox 1320 1489 1448 1527; x_wconf 89' lang='lat' dir='ltr'><strong>abun-</strong></span> 
     </span>
     <span class='ocr_line' id='line_1_21' title="bbox 24 1553 1447 1608; baseline -0.002 -13"><span class='ocrx_word' id='word_1_176' title='bbox 24 1557 155 1595; x_wconf 85' lang='lat' dir='ltr'><strong>dantia</strong></span> <span class='ocrx_word' id='word_1_177' title='bbox 167 1586 179 1606; x_wconf 88' lang='lat'><strong>,</strong></span> <span class='ocrx_word' id='word_1_178' title='bbox 209 1563 255 1595; x_wconf 91' lang='lat' dir='ltr'><strong>ut</strong></span> <span class='ocrx_word' id='word_1_179' title='bbox 277 1556 329 1599; x_wconf 84' lang='lat'><strong>14</strong></span> <span class='ocrx_word' id='word_1_180' title='bbox 349 1555 462 1608; x_wconf 88' lang='lat' dir='ltr'><strong>panis</strong></span> <span class='ocrx_word' id='word_1_181' title='bbox 480 1555 594 1593; x_wconf 88' lang='lat' dir='ltr'><strong>litrae</strong></span> <span class='ocrx_word' id='word_1_182' title='bbox 614 1568 692 1592; x_wconf 88' lang='lat' dir='ltr'><strong>una</strong></span> <span class='ocrx_word' id='word_1_183' title='bbox 716 1567 813 1591; x_wconf 86' lang='lat' dir='ltr'><strong>zuza</strong></span> <span class='ocrx_word' id='word_1_184' title='bbox 829 1553 1101 1592; x_wconf 82' lang='lat' dir='ltr'><strong>venderentur.</strong></span> <span class='ocrx_word' id='word_1_185' title='bbox 1145 1555 1262 1593; x_wconf 76' lang='lat' dir='ltr'><strong>Multi</strong></span> <span class='ocrx_word' id='word_1_186' title='bbox 1278 1568 1327 1592; x_wconf 86' lang='lat' dir='ltr'><strong>ex</strong></span> <span class='ocrx_word' id='word_1_187' title='bbox 1345 1555 1447 1592; x_wconf 88' lang='lat' dir='ltr'><strong>Ara-</strong></span> 
     </span>
     <span class='ocr_line' id='line_1_22' title="bbox 22 1620 1449 1674; baseline -0.002 -13"><span class='ocrx_word' id='word_1_188' title='bbox 22 1624 149 1673; x_wconf 84' lang='lat' dir='ltr'><strong>bibus,</strong></span> <span class='ocrx_word' id='word_1_189' title='bbox 177 1623 317 1674; x_wconf 83' lang='lat' dir='ltr'><strong>priscis</strong></span> <span class='ocrx_word' id='word_1_190' title='bbox 340 1622 422 1659; x_wconf 87' lang='lat' dir='ltr'><strong>eius</strong></span> <span class='ocrx_word' id='word_1_191' title='bbox 439 1621 607 1669; x_wconf 88' lang='lat' dir='ltr'><strong>civibus,</strong></span> <span class='ocrx_word' id='word_1_192' title='bbox 635 1620 783 1659; x_wconf 86' lang='lat' dir='ltr'><strong>reversi</strong></span> <span class='ocrx_word' id='word_1_193' title='bbox 802 1626 911 1665; x_wconf 87' lang='lat' dir='ltr'><strong>sunt,</strong></span> <span class='ocrx_word' id='word_1_194' title='bbox 939 1633 1107 1670; x_wconf 90' lang='lat' dir='ltr'><strong>quorum</strong></span> <span class='ocrx_word' id='word_1_195' title='bbox 1123 1621 1245 1672; x_wconf 90' lang='lat' dir='ltr'><strong>aliqui</strong></span> <span class='ocrx_word' id='word_1_196' title='bbox 1262 1621 1449 1673; x_wconf 85' lang='lat' dir='ltr'><strong>baptizati</strong></span> 
     </span>
     <span class='ocr_line' id='line_1_23' title="bbox 23 1683 1446 1739; baseline -0.001 -11"><span class='ocrx_word' id='word_1_197' title='bbox 23 1696 63 1728; x_wconf 76' lang='lat' dir='ltr'><strong>et</strong></span> <span class='ocrx_word' id='word_1_198' title='bbox 91 1683 302 1727; x_wconf 67' lang='lat' dir='ltr'><strong>Christiani</strong></span> <span class='ocrx_word' id='word_1_199' title='bbox 333 1687 428 1725; x_wconf 82' lang='lat' dir='ltr'><strong>facti</strong></span> <span class='ocrx_word' id='word_1_200' title='bbox 463 1692 573 1735; x_wconf 88' lang='lat' dir='ltr'><strong>sunt,</strong></span> <span class='ocrx_word' id='word_1_201' title='bbox 620 1687 763 1739; x_wconf 88' lang='lat' dir='ltr'><strong>aliqui,</strong></span> <span class='ocrx_word' id='word_1_202' title='bbox 801 1698 968 1736; x_wconf 89' lang='lat' dir='ltr'><strong>quorum</strong></span> <span class='ocrx_word' id='word_1_203' title='bbox 1002 1691 1134 1724; x_wconf 86' lang='lat' dir='ltr'><strong>tamen</strong></span> <span class='ocrx_word' id='word_1_204' title='bbox 1163 1687 1279 1726; x_wconf 77' lang='lat' dir='ltr'><strong>liberi</strong></span> <span class='ocrx_word' id='word_1_205' title='bbox 1312 1700 1446 1726; x_wconf 76' lang='lat' dir='ltr'><strong>omnes</strong></span> 
     </span>
     <span class='ocr_line' id='line_1_24' title="bbox 0 1740 878 1808; baseline -0.006 -14"><span class='ocrx_word' id='word_1_206' title='bbox 0 1740 1 1743; x_wconf 11' lang='grc' dir='ltr'><strong>Ἰ</strong></span> <span class='ocrx_word' id='word_1_207' title='bbox 21 1755 343 1808; x_wconf 76' lang='lat' dir='ltr'><strong>baptizabantur,</strong></span> <span class='ocrx_word' id='word_1_208' title='bbox 370 1754 414 1790; x_wconf 86' lang='lat' dir='ltr'><strong>in</strong></span> <span class='ocrx_word' id='word_1_209' title='bbox 430 1753 507 1790; x_wconf 90' lang='lat' dir='ltr'><strong>fide</strong></span> <span class='ocrx_word' id='word_1_210' title='bbox 528 1765 596 1790; x_wconf 83' lang='lat' dir='ltr'><strong>sua</strong></span> <span class='ocrx_word' id='word_1_211' title='bbox 611 1753 878 1803; x_wconf 87' lang='lat' dir='ltr'><strong>perstiterunt.</strong></span> 
     </span>
    </p>

    <p class='ocr_par' dir='ltr' id='par_1_3' title="bbox 0 1817 1445 2060">
     <span class='ocr_line' id='line_1_25' title="bbox 0 1817 1444 1871; baseline 0.001 -13"><span class='ocrx_word' id='word_1_212' title='bbox 0 1857 2 1870; x_wconf 27' lang='grc' dir='ltr'>ζ</span> <span class='ocrx_word' id='word_1_213' title='bbox 132 1821 247 1859; x_wconf 87' lang='lat' dir='ltr'><strong>Anno</strong></span> <span class='ocrx_word' id='word_1_214' title='bbox 282 1825 370 1871; x_wconf 89' lang='lat' dir='ltr'><strong>post</strong></span> <span class='ocrx_word' id='word_1_215' title='bbox 398 1832 470 1857; x_wconf 84' lang='lat' dir='ltr'><strong>rex</strong></span> <span class='ocrx_word' id='word_1_216' title='bbox 494 1817 736 1868; x_wconf 75' lang='lat' dir='ltr'><strong>Nicephorus</strong></span> <span class='ocrx_word' id='word_1_217' title='bbox 763 1817 943 1856; x_wconf 88' lang='lat' dir='ltr'><strong>Amidam</strong></span> <span class='ocrx_word' id='word_1_218' title='bbox 968 1819 1116 1857; x_wconf 82' lang='lat' dir='ltr'><strong>obsedit</strong></span> <span class='ocrx_word' id='word_1_219' title='bbox 1143 1826 1203 1869; x_wconf 86' lang='lat' dir='ltr'><strong>et,</strong></span> <span class='ocrx_word' id='word_1_220' title='bbox 1233 1833 1352 1871; x_wconf 90' lang='lat' dir='ltr'><strong>quum</strong></span> <span class='ocrx_word' id='word_1_221' title='bbox 1375 1834 1444 1858; x_wconf 84' lang='lat' dir='ltr'><strong>ca-</strong></span> 
     </span>
     <span class='ocr_line' id='line_1_26' title="bbox 0 1881 1445 1942; baseline -0.001 -15"><span class='ocrx_word' id='word_1_222' title='bbox 0 1881 114 1942; x_wconf 52' lang='lat' dir='ltr'><strong>²pere</strong></span> <span class='ocrx_word' id='word_1_223' title='bbox 142 1886 344 1937; x_wconf 86' lang='lat' dir='ltr'><strong>nequiret,</strong></span> <span class='ocrx_word' id='word_1_224' title='bbox 373 1884 619 1923; x_wconf 85' lang='lat' dir='ltr'><strong>Antiochiam</strong></span> <span class='ocrx_word' id='word_1_225' title='bbox 644 1883 789 1920; x_wconf 83' lang='lat' dir='ltr'><strong>multos</strong></span> <span class='ocrx_word' id='word_1_226' title='bbox 818 1883 900 1922; x_wconf 87' lang='lat' dir='ltr'><strong>dies</strong></span> <span class='ocrx_word' id='word_1_227' title='bbox 926 1887 1185 1936; x_wconf 85' lang='lat' dir='ltr'><strong>oppugnavit,</strong></span> <span class='ocrx_word' id='word_1_228' title='bbox 1213 1887 1281 1925; x_wconf 84' lang='lat' dir='ltr'><strong>sed</strong></span> <span class='ocrx_word' id='word_1_229' title='bbox 1301 1887 1445 1925; x_wconf 78' lang='lat' dir='ltr'><strong>simili-</strong></span> 
     </span>
     <span class='ocr_line' id='line_1_27' title="bbox 21 1950 1443 2005; baseline -0.001 -12"><span class='ocrx_word' id='word_1_230' title='bbox 21 1961 83 1993; x_wconf 89' lang='lat' dir='ltr'><strong>ter</strong></span> <span class='ocrx_word' id='word_1_231' title='bbox 112 1965 247 2005; x_wconf 87' lang='lat' dir='ltr'><strong>capere</strong></span> <span class='ocrx_word' id='word_1_232' title='bbox 274 1964 358 1990; x_wconf 91' lang='lat' dir='ltr'><strong>non</strong></span> <span class='ocrx_word' id='word_1_233' title='bbox 388 1951 520 2004; x_wconf 90' lang='lat' dir='ltr'><strong>potuit</strong></span> <span class='ocrx_word' id='word_1_234' title='bbox 527 1964 542 1997; x_wconf 80' lang='lat'>3</span> <span class='ocrx_word' id='word_1_235' title='bbox 576 1950 707 2001; x_wconf 81' lang='lat' dir='ltr'><strong>itaque</strong></span> <span class='ocrx_word' id='word_1_236' title='bbox 738 1950 907 1989; x_wconf 85' lang='lat' dir='ltr'><strong>incensis</strong></span> <span class='ocrx_word' id='word_1_237' title='bbox 946 1951 1043 1991; x_wconf 81' lang='lat' dir='ltr'><strong>vicis</strong></span> <span class='ocrx_word' id='word_1_238' title='bbox 1073 1952 1274 2005; x_wconf 86' lang='lat' dir='ltr'><strong>hortisque</strong></span> <span class='ocrx_word' id='word_1_239' title='bbox 1302 1952 1443 1993; x_wconf 76' lang='lat' dir='ltr'><strong>vicinis</strong></span> 
     </span>
     <span class='ocr_line' id='line_1_28' title="bbox 22 2020 127 2060; baseline 0.019 -2"><span class='ocrx_word' id='word_1_240' title='bbox 22 2020 127 2060; x_wconf 83' lang='lat' dir='ltr'><strong>abiit.</strong></span> 
     </span>
    </p>

    <p class='ocr_par' dir='ltr' id='par_1_4' title="bbox 20 2084 1444 2539">
     <span class='ocr_line' id='line_1_29' title="bbox 130 2084 1442 2136; baseline -0.002 -12"><span class='ocrx_word' id='word_1_241' title='bbox 130 2086 247 2126; x_wconf 84' lang='lat' dir='ltr'><strong>Anno</strong></span> <span class='ocrx_word' id='word_1_242' title='bbox 277 2085 515 2124; x_wconf 83' lang='lat' dir='ltr'><strong>Graecorum</strong></span> <span class='ocrx_word' id='word_1_243' title='bbox 543 2088 671 2136; x_wconf 85' lang='lat'><strong>1279,</strong></span> <span class='ocrx_word' id='word_1_244' title='bbox 700 2086 871 2126; x_wconf 87' lang='lat' dir='ltr'><strong>Arabum</strong></span> <span class='ocrx_word' id='word_1_245' title='bbox 891 2086 972 2129; x_wconf 88' lang='lat'><strong>357</strong></span> <span class='ocrx_word' id='word_1_246' title='bbox 984 2114 998 2134; x_wconf 83' lang='lat'>‚</span> <span class='ocrx_word' id='word_1_247' title='bbox 1026 2085 1239 2125; x_wconf 86' lang='lat' dir='ltr'><strong>Chorasani</strong></span> <span class='ocrx_word' id='word_1_248' title='bbox 1258 2084 1442 2123; x_wconf 86' lang='lat' dir='ltr'><strong>nonnulli</strong></span> 
     </span>
     <span class='ocr_line' id='line_1_30' title="bbox 22 2151 1439 2205; baseline -0.002 -13"><span class='ocrx_word' id='word_1_249' title='bbox 22 2166 110 2192; x_wconf 87' lang='lat' dir='ltr'><strong>cum</strong></span> <span class='ocrx_word' id='word_1_250' title='bbox 134 2155 243 2196; x_wconf 83' lang='lat'><strong>3000</strong></span> <span class='ocrx_word' id='word_1_251' title='bbox 269 2151 438 2190; x_wconf 79' lang='lat' dir='ltr'><strong>Arabum</strong></span> <span class='ocrx_word' id='word_1_252' title='bbox 464 2152 797 2192; x_wconf 84' lang='lat' dir='ltr'><strong>Antiochenorum</strong></span> <span class='ocrx_word' id='word_1_253' title='bbox 822 2154 866 2191; x_wconf 91' lang='lat' dir='ltr'><strong>in</strong></span> <span class='ocrx_word' id='word_1_254' title='bbox 893 2153 1175 2205; x_wconf 85' lang='lat' dir='ltr'><strong>Cappadociam</strong></span> <span class='ocrx_word' id='word_1_255' title='bbox 1199 2153 1439 2203; x_wconf 72' lang='lat' dir='ltr'><strong>inruperunt,</strong></span> 
     </span>
     <span class='ocr_line' id='line_1_31' title="bbox 21 2219 1442 2271; baseline 0.001 -16"><span class='ocrx_word' id='word_1_256' title='bbox 21 2220 91 2259; x_wconf 72' lang='lat' dir='ltr'><strong>sed</strong></span> <span class='ocrx_word' id='word_1_257' title='bbox 114 2220 262 2268; x_wconf 71' lang='lat'><strong>40,000</strong></span> <span class='ocrx_word' id='word_1_258' title='bbox 289 2219 572 2267; x_wconf 78' lang='lat' dir='ltr'><strong>Romanorum,</strong></span> <span class='ocrx_word' id='word_1_259' title='bbox 610 2220 680 2270; x_wconf 88' lang='lat' dir='ltr'><strong>qui</strong></span> <span class='ocrx_word' id='word_1_260' title='bbox 710 2226 983 2267; x_wconf 89' lang='lat' dir='ltr'><strong>occurrerant,</strong></span> <span class='ocrx_word' id='word_1_261' title='bbox 1010 2220 1223 2271; x_wconf 87' lang='lat' dir='ltr'><strong>permultos</strong></span> <span class='ocrx_word' id='word_1_262' title='bbox 1249 2219 1442 2257; x_wconf 86' lang='lat' dir='ltr'><strong>Chorasa-</strong></span> 
     </span>
     <span class='ocr_line' id='line_1_32' title="bbox 20 2283 1444 2335; baseline -0.002 -10"><span class='ocrx_word' id='word_1_263' title='bbox 20 2299 161 2325; x_wconf 84' lang='lat' dir='ltr'><strong>norum</strong></span> <span class='ocrx_word' id='word_1_264' title='bbox 186 2291 224 2324; x_wconf 83' lang='lat' dir='ltr'><strong>et</strong></span> <span class='ocrx_word' id='word_1_265' title='bbox 239 2283 574 2323; x_wconf 82' lang='lat' dir='ltr'><strong>Antiochenorum</strong></span> <span class='ocrx_word' id='word_1_266' title='bbox 602 2291 685 2323; x_wconf 90' lang='lat' dir='ltr'><strong>tum</strong></span> <span class='ocrx_word' id='word_1_267' title='bbox 711 2287 1006 2335; x_wconf 77' lang='lat' dir='ltr'><strong>interfecerimt‚</strong></span> <span class='ocrx_word' id='word_1_268' title='bbox 1031 2293 1118 2324; x_wconf 89' lang='lat' dir='ltr'><strong>tum</strong></span> <span class='ocrx_word' id='word_1_269' title='bbox 1142 2286 1296 2325; x_wconf 85' lang='lat' dir='ltr'><strong>vinctos</strong></span> <span class='ocrx_word' id='word_1_270' title='bbox 1323 2284 1444 2322; x_wconf 87' lang='lat' dir='ltr'><strong>abdu-</strong></span> 
     </span>
     <span class='ocr_line' id='line_1_33' title="bbox 21 2349 1442 2393; baseline -0.004 -1"><span class='ocrx_word' id='word_1_271' title='bbox 21 2358 178 2392; x_wconf 80' lang='lat' dir='ltr'><strong>xerunt.</strong></span> <span class='ocrx_word' id='word_1_272' title='bbox 232 2350 375 2389; x_wconf 85' lang='lat' dir='ltr'><strong>Arabes</strong></span> <span class='ocrx_word' id='word_1_273' title='bbox 392 2349 624 2389; x_wconf 83' lang='lat' dir='ltr'><strong>Antiocheni</strong></span> <span class='ocrx_word' id='word_1_274' title='bbox 643 2353 909 2391; x_wconf 88' lang='lat' dir='ltr'><strong>Patriarcham</strong></span> <span class='ocrx_word' id='word_1_275' title='bbox 931 2350 1302 2393; x_wconf 79' lang='lat' dir='ltr'><strong>Chalcedonensium</strong></span> <span class='ocrx_word' id='word_1_276' title='bbox 1339 2349 1442 2388; x_wconf 88' lang='lat' dir='ltr'><strong>occi-</strong></span> 
     </span>
     <span class='ocr_line' id='line_1_34' title="bbox 21 2417 1443 2459; baseline -0.004 0"><span class='ocrx_word' id='word_1_277' title='bbox 21 2419 164 2459; x_wconf 75' lang='lat' dir='ltr'><strong>derunt</strong></span> <span class='ocrx_word' id='word_1_278' title='bbox 192 2424 231 2456; x_wconf 79' lang='lat' dir='ltr'><strong>et</strong></span> <span class='ocrx_word' id='word_1_279' title='bbox 255 2420 431 2457; x_wconf 84' lang='lat' dir='ltr'><strong>ecclesias</strong></span> <span class='ocrx_word' id='word_1_280' title='bbox 454 2419 681 2458; x_wconf 86' lang='lat' dir='ltr'><strong>Antiochiae</strong></span> <span class='ocrx_word' id='word_1_281' title='bbox 708 2421 850 2458; x_wconf 90' lang='lat' dir='ltr'><strong>multas</strong></span> <span class='ocrx_word' id='word_1_282' title='bbox 873 2425 1085 2459; x_wconf 84' lang='lat' dir='ltr'><strong>vastarunt.</strong></span> <span class='ocrx_word' id='word_1_283' title='bbox 1138 2417 1306 2456; x_wconf 84' lang='lat' dir='ltr'><strong>Romani</strong></span> <span class='ocrx_word' id='word_1_284' title='bbox 1322 2418 1443 2454; x_wconf 88' lang='lat' dir='ltr'><strong>Saru-</strong></span> 
     </span>
     <span class='ocr_line' id='line_1_35' title="bbox 20 2486 1235 2539; baseline -0.001 -15"><span class='ocrx_word' id='word_1_285' title='bbox 20 2497 110 2539; x_wconf 77' lang='lat' dir='ltr'><strong>gnm</strong></span> <span class='ocrx_word' id='word_1_286' title='bbox 125 2486 292 2538; x_wconf 86' lang='lat' dir='ltr'><strong>profecti</strong></span> <span class='ocrx_word' id='word_1_287' title='bbox 312 2488 393 2529; x_wconf 88' lang='lat'><strong>300</strong></span> <span class='ocrx_word' id='word_1_288' title='bbox 410 2486 552 2525; x_wconf 84' lang='lat' dir='ltr'><strong>Arabes</strong></span> <span class='ocrx_word' id='word_1_289' title='bbox 572 2493 611 2526; x_wconf 90' lang='lat' dir='ltr'><strong>et</strong></span> <span class='ocrx_word' id='word_1_290' title='bbox 628 2486 771 2525; x_wconf 78' lang='lat' dir='ltr'><strong>multas</strong></span> <span class='ocrx_word' id='word_1_291' title='bbox 790 2486 957 2538; x_wconf 87' lang='lat' dir='ltr'><strong>pecudes</strong></span> <span class='ocrx_word' id='word_1_292' title='bbox 974 2486 1235 2524; x_wconf 84' lang='lat' dir='ltr'><strong>abduxerunt.</strong></span> 
     </span>
    </p>

    <p class='ocr_par' dir='ltr' id='par_1_5' title="bbox 20 2550 1441 2804">
     <span class='ocr_line' id='line_1_36' title="bbox 127 2550 1441 2605; baseline -0.004 -14"><span class='ocrx_word' id='word_1_293' title='bbox 127 2552 215 2591; x_wconf 85' lang='lat' dir='ltr'><strong>Hoc</strong></span> <span class='ocrx_word' id='word_1_294' title='bbox 236 2565 338 2590; x_wconf 88' lang='lat' dir='ltr'><strong>anno</strong></span> <span class='ocrx_word' id='word_1_295' title='bbox 351 2581 364 2601; x_wconf 93' lang='lat'><strong>,</strong></span> <span class='ocrx_word' id='word_1_296' title='bbox 394 2558 481 2590; x_wconf 90' lang='lat' dir='ltr'><strong>orto</strong></span> <span class='ocrx_word' id='word_1_297' title='bbox 503 2553 606 2592; x_wconf 85' lang='lat' dir='ltr'><strong>inter</strong></span> <span class='ocrx_word' id='word_1_298' title='bbox 627 2553 887 2603; x_wconf 88' lang='lat' dir='ltr'><strong>Chorasanos,</strong></span> <span class='ocrx_word' id='word_1_299' title='bbox 916 2552 986 2605; x_wconf 81' lang='lat' dir='ltr'><strong>qui</strong></span> <span class='ocrx_word' id='word_1_300' title='bbox 1013 2550 1242 2591; x_wconf 85' lang='lat' dir='ltr'><strong>Antiochiae</strong></span> <span class='ocrx_word' id='word_1_301' title='bbox 1268 2554 1379 2587; x_wconf 87' lang='lat' dir='ltr'><strong>erant</strong></span> <span class='ocrx_word' id='word_1_302' title='bbox 1401 2554 1441 2587; x_wconf 86' lang='lat' dir='ltr'><strong>et</strong></span> 
     </span>
     <span class='ocr_line' id='line_1_37' title="bbox 20 2614 1441 2669; baseline -0.005 -11"><span class='ocrx_word' id='word_1_303' title='bbox 20 2617 163 2658; x_wconf 78' lang='lat' dir='ltr'><strong>Arabes</strong></span> <span class='ocrx_word' id='word_1_304' title='bbox 198 2618 460 2657; x_wconf 87' lang='lat' dir='ltr'><strong>Antiochenos</strong></span> <span class='ocrx_word' id='word_1_305' title='bbox 496 2619 674 2668; x_wconf 84' lang='lat' dir='ltr'><strong>dissidio,</strong></span> <span class='ocrx_word' id='word_1_306' title='bbox 708 2620 875 2658; x_wconf 88' lang='lat' dir='ltr'><strong>Romani</strong></span> <span class='ocrx_word' id='word_1_307' title='bbox 910 2633 962 2658; x_wconf 82' lang='lat' dir='ltr'><strong>ex</strong></span> <span class='ocrx_word' id='word_1_308' title='bbox 991 2618 1149 2669; x_wconf 80' lang='lat' dir='ltr'><strong>regione</strong></span> <span class='ocrx_word' id='word_1_309' title='bbox 1197 2614 1441 2654; x_wconf 84' lang='lat' dir='ltr'><strong>Antiochena</strong></span> 
     </span>
     <span class='ocr_line' id='line_1_38' title="bbox 24 2681 1440 2739; baseline -0.006 -14"><span class='ocrx_word' id='word_1_310' title='bbox 24 2686 79 2725; x_wconf 80' lang='lat'><strong>12</strong></span> <span class='ocrx_word' id='word_1_311' title='bbox 98 2683 300 2724; x_wconf 77' lang='lat' dir='ltr'><strong>hominm</strong></span> <span class='ocrx_word' id='word_1_312' title='bbox 319 2685 462 2735; x_wconf 91' lang='lat' dir='ltr'><strong>millia,</strong></span> <span class='ocrx_word' id='word_1_313' title='bbox 490 2685 596 2724; x_wconf 84' lang='lat' dir='ltr'><strong>viros</strong></span> <span class='ocrx_word' id='word_1_314' title='bbox 615 2692 660 2724; x_wconf 52' lang='lat' dir='ltr'><strong>⁴et</strong></span> <span class='ocrx_word' id='word_1_315' title='bbox 683 2686 886 2737; x_wconf 79' lang='lat' dir='ltr'><strong>mulieres,</strong></span> <span class='ocrx_word' id='word_1_316' title='bbox 922 2699 1066 2739; x_wconf 85' lang='lat' dir='ltr'><strong>pueros</strong></span> <span class='ocrx_word' id='word_1_317' title='bbox 1095 2682 1340 2736; x_wconf 88' lang='lat' dir='ltr'><strong>puellasque,</strong></span> <span class='ocrx_word' id='word_1_318' title='bbox 1369 2681 1440 2718; x_wconf 86' lang='lat' dir='ltr'><strong>ab—</strong></span> 
     </span>
     <span class='ocr_line' id='line_1_39' title="bbox 25 2746 1438 2804; baseline 0.011 -19"><span class='ocrx_word' id='word_1_319' title='bbox 25 2747 231 2788; x_wconf 71' lang='lat' dir='ltr'><strong>duxerunt.</strong></span> <span class='ocrx_word' id='word_1_320' title='bbox 283 2751 395 2790; x_wconf 72' lang='lat' dir='ltr'>Anno</span> <span class='ocrx_word' id='word_1_321' title='bbox 414 2758 526 2804; x_wconf 72' lang='lat' dir='ltr'><strong>post,</strong></span> <span class='ocrx_word' id='word_1_322' title='bbox 553 2752 581 2792; x_wconf 85' lang='lat' dir='ltr'><strong>i.</strong></span> <span class='ocrx_word' id='word_1_323' title='bbox 600 2755 764 2796; x_wconf 76' lang='lat' dir='ltr'><strong>e.1280</strong></span> <span class='ocrx_word' id='word_1_324' title='bbox 793 2753 1050 2803; x_wconf 77' lang='lat' dir='ltr'><strong>Graeconm,</strong></span> <span class='ocrx_word' id='word_1_325' title='bbox 1078 2748 1244 2792; x_wconf 76' lang='lat' dir='ltr'><strong>Romani</strong></span> <span class='ocrx_word' id='word_1_326' title='bbox 1261 2746 1438 2800; x_wconf 66' lang='lat' dir='ltr'><strong>Caphar-</strong></span> 
     </span>
    </p>
   </div>
   <div class='ocr_carea' id='block_1_3' title="bbox 0 0 70 1238">
    <p class='ocr_par' dir='ltr' id='par_1_6' title="bbox 0 0 70 1238">
     <span class='ocr_line' id='line_1_40' title="bbox 0 0 70 375; baseline 0 -109"><span class='ocrx_word' id='word_1_327' title='bbox 0 0 70 375; x_wconf 95' lang='lat' dir='ltr'><strong>   </strong></span> 
     </span>
     <span class='ocr_line' id='line_1_41' title="bbox 0 375 27 1238; baseline 0 -108"><span class='ocrx_word' id='word_1_328' title='bbox 0 375 27 1238; x_wconf 95' lang='lat' dir='ltr'><strong>    </strong></span> 
     </span>
    </p>
   </div>
  </div>
 </body>
</html>
