<?xml version="1.0" encoding="UTF-8"?>
<!DOCTYPE html PUBLIC "-//W3C//DTD XHTML 1.0 Transitional//EN"
    "http://www.w3.org/TR/xhtml1/DTD/xhtml1-transitional.dtd">
<html xmlns="http://www.w3.org/1999/xhtml" xml:lang="en" lang="en">
 <head>
  <title>
</title>
<meta http-equiv="Content-Type" content="text/html;charset=utf-8" />
  <meta name='ocr-system' content='tesseract 3.04.00' />
  <meta name='ocr-capabilities' content='ocr_page ocr_carea ocr_par ocr_line ocrx_word'/>
</head>
<body>
  <div class='ocr_page' id='page_1' title='image "./corpusscriptorum33niebuoft/corpusscriptorum33niebuoft_0479.png"; bbox 0 0 1748 3094; ppageno 0'>
   <div class='ocr_carea' id='block_1_1' title="bbox 353 163 1471 215">
    <p class='ocr_par' dir='ltr' id='par_1_1' title="bbox 353 163 1471 215">
     <span class='ocr_line' id='line_1_1' title="bbox 353 163 1471 215; baseline 0.001 -1"><span class='ocrx_word' id='word_1_1' title='bbox 353 169 414 215; x_wconf 77' lang='lat' dir='ltr'>IN</span> <span class='ocrx_word' id='word_1_2' title='bbox 439 168 646 214; x_wconf 76' lang='lat' dir='ltr'>LEoms</span> <span class='ocrx_word' id='word_1_3' title='bbox 672 169 912 215; x_wconf 76' lang='lat' dir='ltr'>DIACONI</span> <span class='ocrx_word' id='word_1_4' title='bbox 935 170 1040 214; x_wconf 89' lang='lat' dir='ltr'>LIB.</span> <span class='ocrx_word' id='word_1_5' title='bbox 1072 170 1142 213; x_wconf 82' lang='lat'>111.</span> <span class='ocrx_word' id='word_1_6' title='bbox 1369 163 1471 215; x_wconf 73' lang='grc'><strong>435</strong></span> 
     </span>
    </p>
   </div>
   <div class='ocr_carea' id='block_1_2' title="bbox 0 272 1606 2847">
    <p class='ocr_par' dir='ltr' id='par_1_2' title="bbox 0 272 1606 2847">
     <span class='ocr_line' id='line_1_2' title="bbox 24 272 1471 328; baseline 0.002 -16"><span class='ocrx_word' id='word_1_7' title='bbox 24 272 298 328; x_wconf 62' lang='grc' dir='ltr'>ρίγωςυφι</span> <span class='ocrx_word' id='word_1_8' title='bbox 306 273 385 312; x_wconf 76' lang='lat' dir='ltr'>alin·</span> <span class='ocrx_word' id='word_1_9' title='bbox 392 273 676 326; x_wconf 72' lang='lat' dir='ltr'>significatione</span> <span class='ocrx_word' id='word_1_10' title='bbox 686 274 919 314; x_wconf 82' lang='lat' dir='ltr'>vertendum</span> <span class='ocrx_word' id='word_1_11' title='bbox 927 275 994 326; x_wconf 77' lang='lat' dir='ltr'>sit,</span> <span class='ocrx_word' id='word_1_12' title='bbox 1004 283 1124 327; x_wconf 67' lang='lat' dir='ltr'>cuper</span> <span class='ocrx_word' id='word_1_13' title='bbox 1132 282 1280 314; x_wconf 80' lang='lat' dir='ltr'>terram</span> <span class='ocrx_word' id='word_1_14' title='bbox 1293 283 1471 326; x_wconf 66' lang='lat' dir='ltr'>verm,</span> 
     </span>
     <span class='ocr_line' id='line_1_3' title="bbox 27 329 1606 382; baseline 0.004 -14"><span class='ocrx_word' id='word_1_15' title='bbox 27 330 258 382; x_wconf 76' lang='lat' dir='ltr'>pne-sertim</span> <span class='ocrx_word' id='word_1_16' title='bbox 286 329 452 381; x_wconf 77' lang='lat' dir='ltr'>figurate</span> <span class='ocrx_word' id='word_1_17' title='bbox 478 344 669 382; x_wconf 82' lang='lat' dir='ltr'>sensuque</span> <span class='ocrx_word' id='word_1_18' title='bbox 687 330 919 382; x_wconf 79' lang='lat' dir='ltr'>theologico.</span> <span class='ocrx_word' id='word_1_19' title='bbox 982 331 1172 370; x_wconf 82' lang='lat' dir='ltr'>Eusebius</span> <span class='ocrx_word' id='word_1_20' title='bbox 1206 332 1520 375; x_wconf 67' lang='lat' dir='ltr'>Demonstratl’.</span> <span class='ocrx_word' id='word_1_21' title='bbox 1539 342 1606 378; x_wconf 79' lang='lat'>211</span> 
     </span>
     <span class='ocr_line' id='line_1_4' title="bbox 18 361 1473 456; baseline 0.004 -33.037"><span class='ocrx_word' id='word_1_22' title='bbox 18 384 322 434; x_wconf 66' lang='lat' dir='ltr'>Evangetzfio.</span> <span class='ocrx_word' id='word_1_23' title='bbox 334 387 376 425; x_wconf 85' lang='lat' dir='ltr'>C.</span> <span class='ocrx_word' id='word_1_24' title='bbox 392 382 488 427; x_wconf 78' lang='grc' dir='ltr'>ου’δὲ</span> <span class='ocrx_word' id='word_1_25' title='bbox 504 384 554 427; x_wconf 74' lang='grc' dir='ltr'>τὰ</span> <span class='ocrx_word' id='word_1_26' title='bbox 563 388 679 456; x_wconf 80' lang='grc' dir='ltr'>περίγ</span> <span class='ocrx_word' id='word_1_27' title='bbox 680 361 1016 453; x_wconf 51' lang='grc' dir='ltr'>ειαιιαὶΐᾶπαιηλᾶ</span> <span class='ocrx_word' id='word_1_28' title='bbox 1027 384 1246 440; x_wconf 67' lang='grc' dir='ltr'>πνεύματα,</span> <span class='ocrx_word' id='word_1_29' title='bbox 1261 384 1344 428; x_wconf 67' lang='grc' dir='ltr'>ἀλλ’</span> <span class='ocrx_word' id='word_1_30' title='bbox 1356 386 1473 438; x_wconf 71' lang='grc' dir='ltr'>αὐτὰς</span> 
     </span>
     <span class='ocr_line' id='line_1_5' title="bbox 27 437 1473 497; baseline 0.001 -14"><span class='ocrx_word' id='word_1_31' title='bbox 27 439 53 483; x_wconf 74' lang='grc' dir='ltr'><em>ὃ</em></span> <span class='ocrx_word' id='word_1_32' title='bbox 67 437 187 489; x_wconf 72' lang='grc' dir='ltr'><strong>Θεός.</strong></span> <span class='ocrx_word' id='word_1_33' title='bbox 206 446 304 485; x_wconf 89' lang='grc'><strong>272.</strong></span> <span class='ocrx_word' id='word_1_34' title='bbox 320 443 363 481; x_wconf 81' lang='lat' dir='ltr'>C.</span> <span class='ocrx_word' id='word_1_35' title='bbox 379 443 567 495; x_wconf 76' lang='grc' dir='ltr'>δαίμονες</span> <span class='ocrx_word' id='word_1_36' title='bbox 581 440 634 483; x_wconf 72' lang='grc' dir='ltr'>ὂν</span> <span class='ocrx_word' id='word_1_37' title='bbox 652 440 732 483; x_wconf 80' lang='grc' dir='ltr'>εἶεν</span> <span class='ocrx_word' id='word_1_38' title='bbox 751 439 914 495; x_wconf 79' lang='grc' dir='ltr'><strong><em>χθόνιοι</em></strong></span> <span class='ocrx_word' id='word_1_39' title='bbox 928 442 999 483; x_wconf 73' lang='grc' dir='ltr'>καὶ</span> <span class='ocrx_word' id='word_1_40' title='bbox 1013 445 1215 497; x_wconf 80' lang='grc' dir='ltr'>περίγειοι.</span> <span class='ocrx_word' id='word_1_41' title='bbox 1242 444 1473 496; x_wconf 79' lang='lat' dir='ltr'>opponitur</span> 
     </span>
     <span class='ocr_line' id='line_1_6' title="bbox 16 458 1469 551; baseline 0.002 -15.019"><span class='ocrx_word' id='word_1_42' title='bbox 16 497 86 536; x_wconf 77' lang='lat' dir='ltr'>sio</span> <span class='ocrx_word' id='word_1_43' title='bbox 100 496 219 536; x_wconf 81' lang='lat' dir='ltr'>robus</span> <span class='ocrx_word' id='word_1_44' title='bbox 235 458 525 538; x_wconf 42' lang='lat' dir='ltr'>caele-tibur„</span> <span class='ocrx_word' id='word_1_45' title='bbox 481 512 531 537; x_wconf 85' lang='lat' dir='ltr'>ac</span> <span class='ocrx_word' id='word_1_46' title='bbox 545 499 691 537; x_wconf 83' lang='lat' dir='ltr'>divinis</span> <span class='ocrx_word' id='word_1_47' title='bbox 710 500 931 551; x_wconf 75' lang='lat' dir='ltr'>Praeparat.</span> <span class='ocrx_word' id='word_1_48' title='bbox 943 499 1130 550; x_wconf 70' lang='lat' dir='ltr'>Evangel.</span> <span class='ocrx_word' id='word_1_49' title='bbox 1147 502 1240 543; x_wconf 83' lang='grc'><strong>181.</strong></span> <span class='ocrx_word' id='word_1_50' title='bbox 1254 500 1302 540; x_wconf 82' lang='grc' dir='ltr'>Δ.</span> <span class='ocrx_word' id='word_1_51' title='bbox 1319 505 1414 544; x_wconf 76' lang='grc'><strong>704.</strong></span> <span class='ocrx_word' id='word_1_52' title='bbox 1428 502 1469 540; x_wconf 90' lang='lat' dir='ltr'>C.</span> 
     </span>
     <span class='ocr_line' id='line_1_7' title="bbox 15 553 1471 611; baseline 0.003 -19"><span class='ocrx_word' id='word_1_53' title='bbox 15 553 216 606; x_wconf 67' lang='lat' dir='ltr'>-olibique,</span> <span class='ocrx_word' id='word_1_54' title='bbox 244 554 512 593; x_wconf 73' lang='lat' dir='ltr'>loeutionilms</span> <span class='ocrx_word' id='word_1_55' title='bbox 529 555 670 604; x_wconf 79' lang='lat' dir='ltr'>variis,</span> <span class='ocrx_word' id='word_1_56' title='bbox 698 568 864 606; x_wconf 83' lang='lat' dir='ltr'>quarum</span> <span class='ocrx_word' id='word_1_57' title='bbox 886 556 1084 594; x_wconf 77' lang='lat' dir='ltr'><strong>annotabo</strong></span> <span class='ocrx_word' id='word_1_58' title='bbox 1101 556 1277 611; x_wconf 77' lang='lat' dir='ltr'>aliquot.</span> <span class='ocrx_word' id='word_1_59' title='bbox 1303 557 1348 598; x_wconf 73' lang='grc' dir='ltr'>οἱ</span> <span class='ocrx_word' id='word_1_60' title='bbox 1360 558 1471 610; x_wconf 88' lang='grc' dir='ltr'>περί-</span> 
     </span>
     <span class='ocr_line' id='line_1_8' title="bbox 17 607 1473 664; baseline 0.004 -18"><span class='ocrx_word' id='word_1_61' title='bbox 17 623 128 663; x_wconf 60' lang='lat' dir='ltr'>quos</span> <span class='ocrx_word' id='word_1_62' title='bbox 146 607 316 664; x_wconf 71' lang='grc' dir='ltr'>ἄγγελοι,</span> <span class='ocrx_word' id='word_1_63' title='bbox 334 611 473 663; x_wconf 75' lang='lat' dir='ltr'>angeli</span> <span class='ocrx_word' id='word_1_64' title='bbox 483 612 554 663; x_wconf 83' lang='lat' dir='ltr'>qui</span> <span class='ocrx_word' id='word_1_65' title='bbox 566 619 781 649; x_wconf 71' lang='lat' dir='ltr'>versamur</span> <span class='ocrx_word' id='word_1_66' title='bbox 795 614 839 649; x_wconf 83' lang='lat' dir='ltr'>in</span> <span class='ocrx_word' id='word_1_67' title='bbox 850 614 979 660; x_wconf 69' lang='lat' dir='ltr'>terrie,</span> <span class='ocrx_word' id='word_1_68' title='bbox 995 614 1033 650; x_wconf 92' lang='lat' dir='ltr'>S.</span> <span class='ocrx_word' id='word_1_69' title='bbox 1046 607 1259 662; x_wconf 75' lang='lat' dir='ltr'>Gregorius</span> <span class='ocrx_word' id='word_1_70' title='bbox 1269 612 1473 664; x_wconf 73' lang='lat' dir='ltr'>Nyssenus</span> 
     </span>
     <span class='ocr_line' id='line_1_9' title="bbox 25 663 1471 720; baseline 0.003 -16"><span class='ocrx_word' id='word_1_71' title='bbox 25 665 74 704; x_wconf 82' lang='lat' dir='ltr'>ln</span> <span class='ocrx_word' id='word_1_72' title='bbox 113 663 259 705; x_wconf 70' lang='lat' dir='ltr'>Clu-iffi</span> <span class='ocrx_word' id='word_1_73' title='bbox 287 666 504 706; x_wconf 77' lang='lat' dir='ltr'>asoension.</span> <span class='ocrx_word' id='word_1_74' title='bbox 530 666 580 705; x_wconf 90' lang='lat'>11.</span> <span class='ocrx_word' id='word_1_75' title='bbox 610 669 706 710; x_wconf 87' lang='grc'>875</span> <span class='ocrx_word' id='word_1_76' title='bbox 734 668 780 705; x_wconf 82' lang='grc' dir='ltr'>Δ.</span> <span class='ocrx_word' id='word_1_77' title='bbox 808 667 832 709; x_wconf 82' lang='grc' dir='ltr'>ὁ</span> <span class='ocrx_word' id='word_1_78' title='bbox 856 669 1052 720; x_wconf 78' lang='grc' dir='ltr'>περίγειος</span> <span class='ocrx_word' id='word_1_79' title='bbox 1078 669 1167 719; x_wconf 88' lang='grc' dir='ltr'>βίος</span> <span class='ocrx_word' id='word_1_80' title='bbox 1194 669 1234 706; x_wconf 88' lang='lat' dir='ltr'>S.</span> <span class='ocrx_word' id='word_1_81' title='bbox 1254 669 1471 720; x_wconf 72' lang='lat' dir='ltr'>Gregorius</span> 
     </span>
     <span class='ocr_line' id='line_1_10' title="bbox 26 722 1471 777; baseline 0.003 -17"><span class='ocrx_word' id='word_1_82' title='bbox 26 722 193 774; x_wconf 69' lang='lat' dir='ltr'>Nyuen.</span> <span class='ocrx_word' id='word_1_83' title='bbox 221 723 283 761; x_wconf 83' lang='lat' dir='ltr'>De</span> <span class='ocrx_word' id='word_1_84' title='bbox 312 723 492 762; x_wconf 72' lang='lat' dir='ltr'>oratione</span> <span class='ocrx_word' id='word_1_85' title='bbox 523 722 730 761; x_wconf 85' lang='lat' dir='ltr'>Dominica</span> <span class='ocrx_word' id='word_1_86' title='bbox 754 723 785 761; x_wconf 86' lang='lat' dir='ltr'>l.</span> <span class='ocrx_word' id='word_1_87' title='bbox 824 726 919 766; x_wconf 89' lang='grc'><strong>729.</strong></span> <span class='ocrx_word' id='word_1_88' title='bbox 946 724 989 762; x_wconf 85' lang='lat' dir='ltr'>C.</span> <span class='ocrx_word' id='word_1_89' title='bbox 1017 725 1114 767; x_wconf 78' lang='lat'>743.</span> <span class='ocrx_word' id='word_1_90' title='bbox 1144 724 1187 763; x_wconf 88' lang='lat' dir='ltr'>C.</span> <span class='ocrx_word' id='word_1_91' title='bbox 1219 722 1251 775; x_wconf 78' lang='grc' dir='ltr'><em>ἦ</em></span> <span class='ocrx_word' id='word_1_92' title='bbox 1274 726 1471 777; x_wconf 85' lang='grc' dir='ltr'>περίγειος</span> 
     </span>
     <span class='ocr_line' id='line_1_11' title="bbox 0 777 1471 830; baseline 0.003 -15"><span class='ocrx_word' id='word_1_93' title='bbox 0 778 245 830; x_wconf 49' lang='lat' dir='ltr'>pomisque,</span> <span class='ocrx_word' id='word_1_94' title='bbox 271 777 574 817; x_wconf 66' lang='lat' dir='ltr'>adamistratio</span> <span class='ocrx_word' id='word_1_95' title='bbox 599 786 745 828; x_wconf 80' lang='lat' dir='ltr'>terrae,</span> <span class='ocrx_word' id='word_1_96' title='bbox 775 780 814 818; x_wconf 92' lang='lat' dir='ltr'>S.</span> <span class='ocrx_word' id='word_1_97' title='bbox 842 779 1017 817; x_wconf 88' lang='lat' dir='ltr'>Clemens</span> <span class='ocrx_word' id='word_1_98' title='bbox 1035 779 1327 819; x_wconf 74' lang='lat' dir='ltr'>Alexandrinus</span> <span class='ocrx_word' id='word_1_99' title='bbox 1354 782 1471 820; x_wconf 85' lang='lat' dir='ltr'>Stro-</span> 
     </span>
     <span class='ocr_line' id='line_1_12' title="bbox 0 826 1469 889; baseline -0.001 -11"><span class='ocrx_word' id='word_1_100' title='bbox 0 826 2 867; x_wconf 47' lang='lat'>2</span> <span class='ocrx_word' id='word_1_101' title='bbox 24 833 160 874; x_wconf 64' lang='lat' dir='ltr'>‘nti-ib.</span> <span class='ocrx_word' id='word_1_102' title='bbox 182 835 280 877; x_wconf 91' lang='grc'><strong>685.</strong></span> <span class='ocrx_word' id='word_1_103' title='bbox 292 835 337 874; x_wconf 96' lang='grc' dir='ltr'>Β.</span> <span class='ocrx_word' id='word_1_104' title='bbox 355 833 387 887; x_wconf 70' lang='grc' dir='ltr'><em>ἦ</em></span> <span class='ocrx_word' id='word_1_105' title='bbox 402 837 485 876; x_wconf 65' lang='grc' dir='ltr'>πᾶν</span> <span class='ocrx_word' id='word_1_106' title='bbox 500 836 708 888; x_wconf 84' lang='grc' dir='ltr'>περιγείων</span> <span class='ocrx_word' id='word_1_107' title='bbox 721 833 915 889; x_wconf 81' lang='grc' dir='ltr'>ηγεμονία</span> <span class='ocrx_word' id='word_1_108' title='bbox 936 834 1050 874; x_wconf 83' lang='lat' dir='ltr'>Philo</span> <span class='ocrx_word' id='word_1_109' title='bbox 1069 836 1124 874; x_wconf 90' lang='lat' dir='ltr'>De</span> <span class='ocrx_word' id='word_1_110' title='bbox 1144 836 1285 874; x_wconf 84' lang='lat' dir='ltr'>mnndi</span> <span class='ocrx_word' id='word_1_111' title='bbox 1308 836 1469 889; x_wconf 84' lang='lat' dir='ltr'>opificio</span> 
     </span>
     <span class='ocr_line' id='line_1_13' title="bbox 25 889 1472 945; baseline -0.001 -13"><span class='ocrx_word' id='word_1_112' title='bbox 25 891 95 932; x_wconf 83' lang='grc'><strong>24-</strong></span> <span class='ocrx_word' id='word_1_113' title='bbox 127 889 176 928; x_wconf 84' lang='lat' dir='ltr'>G·</span> <span class='ocrx_word' id='word_1_114' title='bbox 210 889 242 942; x_wconf 74' lang='grc' dir='ltr'><em>ἦ</em></span> <span class='ocrx_word' id='word_1_115' title='bbox 269 892 465 945; x_wconf 85' lang='grc' dir='ltr'>περίγειος</span> <span class='ocrx_word' id='word_1_116' title='bbox 490 893 623 943; x_wconf 81' lang='grc' dir='ltr'>λῆξις,</span> <span class='ocrx_word' id='word_1_117' title='bbox 649 906 737 929; x_wconf 75' lang='lat' dir='ltr'>sore</span> <span class='ocrx_word' id='word_1_118' title='bbox 766 899 940 940; x_wconf 82' lang='lat' dir='ltr'>terrena,</span> <span class='ocrx_word' id='word_1_119' title='bbox 970 892 1154 943; x_wconf 81' lang='lat' dir='ltr'>Synesius</span> <span class='ocrx_word' id='word_1_120' title='bbox 1176 893 1229 930; x_wconf 91' lang='lat' dir='ltr'>De</span> <span class='ocrx_word' id='word_1_121' title='bbox 1246 893 1472 943; x_wconf 83' lang='lat' dir='ltr'>provident.</span> 
     </span>
     <span class='ocr_line' id='line_1_14' title="bbox 26 944 1472 1000; baseline -0.001 -12"><span class='ocrx_word' id='word_1_122' title='bbox 26 948 97 988; x_wconf 90' lang='grc'>89.</span> <span class='ocrx_word' id='word_1_123' title='bbox 116 946 159 985; x_wconf 86' lang='lat' dir='ltr'>C.</span> <span class='ocrx_word' id='word_1_124' title='bbox 174 944 207 997; x_wconf 76' lang='grc' dir='ltr'><em>ἦ</em></span> <span class='ocrx_word' id='word_1_125' title='bbox 221 949 303 987; x_wconf 72' lang='grc' dir='ltr'>ταῖν</span> <span class='ocrx_word' id='word_1_126' title='bbox 319 947 528 1000; x_wconf 77' lang='grc' dir='ltr'>περιγείονν</span> <span class='ocrx_word' id='word_1_127' title='bbox 552 947 761 998; x_wconf 74' lang='grc' dir='ltr'>οἰκονομία</span> <span class='ocrx_word' id='word_1_128' title='bbox 778 948 817 987; x_wconf 89' lang='lat' dir='ltr'>S.</span> <span class='ocrx_word' id='word_1_129' title='bbox 839 948 1019 986; x_wconf 86' lang='lat' dir='ltr'>Clemens</span> <span class='ocrx_word' id='word_1_130' title='bbox 1045 948 1339 986; x_wconf 73' lang='lat' dir='ltr'>Alexandrinus</span> <span class='ocrx_word' id='word_1_131' title='bbox 1354 951 1472 987; x_wconf 79' lang='lat' dir='ltr'>Stro-</span> 
     </span>
     <span class='ocr_line' id='line_1_15' title="bbox 16 1001 1472 1073; baseline -0.001 -28"><span class='ocrx_word' id='word_1_132' title='bbox 16 1001 161 1042; x_wconf 68' lang='lat' dir='ltr'>mtfib.</span> <span class='ocrx_word' id='word_1_133' title='bbox 186 1005 283 1045; x_wconf 87' lang='grc'><strong>701.</strong></span> <span class='ocrx_word' id='word_1_134' title='bbox 302 1003 350 1043; x_wconf 82' lang='grc' dir='ltr'>Δ.</span> <span class='ocrx_word' id='word_1_135' title='bbox 369 1001 419 1043; x_wconf 75' lang='grc' dir='ltr'>τὰ</span> <span class='ocrx_word' id='word_1_136' title='bbox 434 1003 611 1056; x_wconf 75' lang='grc' dir='ltr'>περίγεια</span> <span class='ocrx_word' id='word_1_137' title='bbox 626 1001 835 1073; x_wconf 65' lang='grc' dir='ltr'>πράγματα</span> <span class='ocrx_word' id='word_1_138' title='bbox 853 1005 893 1044; x_wconf 89' lang='lat' dir='ltr'>S.</span> <span class='ocrx_word' id='word_1_139' title='bbox 912 1003 1121 1055; x_wconf 80' lang='lat' dir='ltr'>Gregorius</span> <span class='ocrx_word' id='word_1_140' title='bbox 1141 1004 1342 1055; x_wconf 80' lang='lat' dir='ltr'>Nyssenus</span> <span class='ocrx_word' id='word_1_141' title='bbox 1368 1005 1472 1043; x_wconf 87' lang='lat' dir='ltr'>Con-</span> 
     </span>
     <span class='ocr_line' id='line_1_16' title="bbox 25 1057 1470 1113; baseline 0.002 -17"><span class='ocrx_word' id='word_1_142' title='bbox 25 1063 89 1096; x_wconf 73' lang='lat' dir='ltr'>tra</span> <span class='ocrx_word' id='word_1_143' title='bbox 106 1057 343 1097; x_wconf 71' lang='lat' dir='ltr'>Eunomia-n</span> <span class='ocrx_word' id='word_1_144' title='bbox 361 1058 412 1098; x_wconf 86' lang='grc' dir='ltr'>ΙΙ.</span> <span class='ocrx_word' id='word_1_145' title='bbox 428 1061 524 1103; x_wconf 76' lang='grc'><strong>888.</strong></span> <span class='ocrx_word' id='word_1_146' title='bbox 544 1059 590 1100; x_wconf 89' lang='grc' dir='ltr'>Β.</span> <span class='ocrx_word' id='word_1_147' title='bbox 608 1057 657 1100; x_wconf 63' lang='lat' dir='ltr'>ni</span> <span class='ocrx_word' id='word_1_148' title='bbox 673 1061 800 1113; x_wconf 88' lang='grc' dir='ltr'>περίγ.</span> <span class='ocrx_word' id='word_1_149' title='bbox 827 1072 989 1112; x_wconf 80' lang='grc' dir='ltr'>σωματα</span> <span class='ocrx_word' id='word_1_150' title='bbox 1002 1061 1044 1100; x_wconf 92' lang='lat' dir='ltr'>S.</span> <span class='ocrx_word' id='word_1_151' title='bbox 1067 1060 1236 1098; x_wconf 73' lang='lat' dir='ltr'>Basilius</span> <span class='ocrx_word' id='word_1_152' title='bbox 1256 1060 1303 1098; x_wconf 85' lang='lat' dir='ltr'>In</span> <span class='ocrx_word' id='word_1_153' title='bbox 1325 1060 1470 1099; x_wconf 58' lang='lat' dir='ltr'>divites</span> 
     </span>
     <span class='ocr_line' id='line_1_17' title="bbox 24 1111 1470 1181; baseline -0.001 -24"><span class='ocrx_word' id='word_1_154' title='bbox 24 1126 167 1152; x_wconf 68' lang='lat' dir='ltr'>tvm·</span> <span class='ocrx_word' id='word_1_155' title='bbox 189 1113 222 1156; x_wconf 88' lang='grc' dir='ltr'>Ῑ.</span> <span class='ocrx_word' id='word_1_156' title='bbox 242 1114 340 1157; x_wconf 85' lang='grc'><strong>414.</strong></span> <span class='ocrx_word' id='word_1_157' title='bbox 362 1115 409 1154; x_wconf 93' lang='grc' dir='ltr'>Β.</span> <span class='ocrx_word' id='word_1_158' title='bbox 428 1114 460 1168; x_wconf 75' lang='grc' dir='ltr'><em>ἦ</em></span> <span class='ocrx_word' id='word_1_159' title='bbox 476 1116 672 1168; x_wconf 73' lang='grc' dir='ltr'>περίγειος</span> <span class='ocrx_word' id='word_1_160' title='bbox 690 1113 897 1167; x_wconf 58' lang='grc' dir='ltr'>τετρακτύς</span> <span class='ocrx_word' id='word_1_161' title='bbox 905 1119 986 1156; x_wconf 73' lang='grc' dir='ltr'>τῶν</span> <span class='ocrx_word' id='word_1_162' title='bbox 1003 1111 1156 1169; x_wconf 71' lang='grc' dir='ltr'>ἐρετῶν</span> <span class='ocrx_word' id='word_1_163' title='bbox 1173 1116 1359 1181; x_wconf 81' lang='lat' dir='ltr'>Synesins</span> <span class='ocrx_word' id='word_1_164' title='bbox 1376 1116 1470 1169; x_wconf 89' lang='lat' dir='ltr'>Epi</span> 
     </span>
     <span class='ocr_line' id='line_1_18' title="bbox 24 1168 1507 1240; baseline 0.001 -32"><span class='ocrx_word' id='word_1_165' title='bbox 24 1170 126 1208; x_wconf 83' lang='lat' dir='ltr'>stola</span> <span class='ocrx_word' id='word_1_166' title='bbox 154 1171 323 1211; x_wconf 83' lang='lat' dir='ltr'>cx1..ad</span> <span class='ocrx_word' id='word_1_167' title='bbox 342 1170 628 1210; x_wconf 65' lang='lat' dir='ltr'>Herennianum</span> <span class='ocrx_word' id='word_1_168' title='bbox 653 1172 749 1240; x_wconf 74' lang='grc'><strong>455.</strong></span> <span class='ocrx_word' id='word_1_169' title='bbox 775 1172 821 1210; x_wconf 91' lang='grc' dir='ltr'>Β.</span> <span class='ocrx_word' id='word_1_170' title='bbox 840 1170 872 1224; x_wconf 78' lang='grc' dir='ltr'><em>ἦ</em></span> <span class='ocrx_word' id='word_1_171' title='bbox 898 1173 1094 1224; x_wconf 78' lang='grc' dir='ltr'>περίγειος</span> <span class='ocrx_word' id='word_1_172' title='bbox 1125 1168 1250 1223; x_wconf 79' lang='grc' dir='ltr'>φύσις</span> <span class='ocrx_word' id='word_1_173' title='bbox 1276 1172 1391 1211; x_wconf 85' lang='lat' dir='ltr'>Philo</span> <span class='ocrx_word' id='word_1_174' title='bbox 1410 1173 1507 1214; x_wconf 83' lang='lat' dir='ltr'>DeB</span> 
     </span>
     <span class='ocr_line' id='line_1_19' title="bbox 26 1224 1467 1280; baseline 0.002 -17"><span class='ocrx_word' id='word_1_175' title='bbox 26 1225 248 1264; x_wconf 78' lang='lat' dir='ltr'>confusion.</span> <span class='ocrx_word' id='word_1_176' title='bbox 266 1226 433 1277; x_wconf 74' lang='lat' dir='ltr'>linguar.</span> <span class='ocrx_word' id='word_1_177' title='bbox 457 1229 553 1269; x_wconf 81' lang='lat'>259.</span> <span class='ocrx_word' id='word_1_178' title='bbox 583 1227 628 1267; x_wconf 87' lang='lat' dir='ltr'>E.</span> <span class='ocrx_word' id='word_1_179' title='bbox 653 1224 702 1267; x_wconf 67' lang='lat' dir='ltr'>vd</span> <span class='ocrx_word' id='word_1_180' title='bbox 728 1228 906 1280; x_wconf 81' lang='grc' dir='ltr'>περίγεια</span> <span class='ocrx_word' id='word_1_181' title='bbox 936 1227 1134 1276; x_wconf 79' lang='lat' dir='ltr'>absolute,</span> <span class='ocrx_word' id='word_1_182' title='bbox 1162 1241 1226 1267; x_wconf 78' lang='lat' dir='ltr'>res</span> <span class='ocrx_word' id='word_1_183' title='bbox 1257 1236 1467 1278; x_wconf 71' lang='lat' dir='ltr'>terrestres,</span> 
     </span>
     <span class='ocr_line' id='line_1_20' title="bbox 22 1275 1469 1327; baseline 0.003 -8"><span class='ocrx_word' id='word_1_184' title='bbox 22 1280 138 1320; x_wconf 81' lang='lat' dir='ltr'>Philo</span> <span class='ocrx_word' id='word_1_185' title='bbox 157 1282 215 1320; x_wconf 86' lang='lat' dir='ltr'>De</span> <span class='ocrx_word' id='word_1_186' title='bbox 232 1282 439 1322; x_wconf 80' lang='lat' dir='ltr'>sacrificiis</span> <span class='ocrx_word' id='word_1_187' title='bbox 458 1282 592 1321; x_wconf 81' lang='lat' dir='ltr'>Abelis</span> <span class='ocrx_word' id='word_1_188' title='bbox 608 1288 648 1320; x_wconf 88' lang='lat' dir='ltr'>et</span> <span class='ocrx_word' id='word_1_189' title='bbox 665 1283 777 1320; x_wconf 85' lang='lat' dir='ltr'>Cami</span> <span class='ocrx_word' id='word_1_190' title='bbox 801 1286 894 1326; x_wconf 84' lang='lat'>102.</span> <span class='ocrx_word' id='word_1_191' title='bbox 912 1284 958 1321; x_wconf 88' lang='lat' dir='ltr'>D.</span> <span class='ocrx_word' id='word_1_192' title='bbox 975 1275 1030 1321; x_wconf 91' lang='lat' dir='ltr'>De</span> <span class='ocrx_word' id='word_1_193' title='bbox 1048 1284 1210 1321; x_wconf 86' lang='lat' dir='ltr'>somniis</span> <span class='ocrx_word' id='word_1_194' title='bbox 1228 1284 1325 1327; x_wconf 82' lang='lat'>455.</span> <span class='ocrx_word' id='word_1_195' title='bbox 1345 1285 1389 1323; x_wconf 86' lang='lat' dir='ltr'>D.</span> <span class='ocrx_word' id='word_1_196' title='bbox 1409 1285 1469 1324; x_wconf 90' lang='lat' dir='ltr'>De</span> 
     </span>
     <span class='ocr_line' id='line_1_21' title="bbox 22 1337 1470 1391; baseline 0.003 -16"><span class='ocrx_word' id='word_1_197' title='bbox 22 1337 108 1375; x_wconf 76' lang='lat' dir='ltr'>vita</span> <span class='ocrx_word' id='word_1_198' title='bbox 125 1338 246 1375; x_wconf 76' lang='lat' dir='ltr'>Mosis</span> <span class='ocrx_word' id='word_1_199' title='bbox 267 1339 364 1381; x_wconf 85' lang='lat'>518.</span> <span class='ocrx_word' id='word_1_200' title='bbox 384 1339 431 1376; x_wconf 90' lang='lat' dir='ltr'>D.</span> <span class='ocrx_word' id='word_1_201' title='bbox 449 1338 569 1376; x_wconf 84' lang='lat' dir='ltr'>Libro</span> <span class='ocrx_word' id='word_1_202' title='bbox 594 1338 642 1376; x_wconf 87' lang='lat'>11.</span> <span class='ocrx_word' id='word_1_203' title='bbox 661 1339 709 1376; x_wconf 88' lang='lat' dir='ltr'>de</span> <span class='ocrx_word' id='word_1_204' title='bbox 720 1339 889 1377; x_wconf 88' lang='lat' dir='ltr'>Somniis</span> <span class='ocrx_word' id='word_1_205' title='bbox 910 1341 1004 1381; x_wconf 85' lang='lat'>886.</span> <span class='ocrx_word' id='word_1_206' title='bbox 1022 1339 1065 1378; x_wconf 80' lang='lat' dir='ltr'>F.</span> <span class='ocrx_word' id='word_1_207' title='bbox 1082 1340 1120 1379; x_wconf 89' lang='lat' dir='ltr'>S.</span> <span class='ocrx_word' id='word_1_208' title='bbox 1138 1339 1347 1390; x_wconf 80' lang='lat' dir='ltr'>Gregorius</span> <span class='ocrx_word' id='word_1_209' title='bbox 1361 1340 1470 1391; x_wconf 79' lang='lat' dir='ltr'>Nys-</span> 
     </span>
     <span class='ocr_line' id='line_1_22' title="bbox 23 1393 1471 1438; baseline 0.002 -7"><span class='ocrx_word' id='word_1_210' title='bbox 23 1405 139 1431; x_wconf 76' lang='lat' dir='ltr'>senus</span> <span class='ocrx_word' id='word_1_211' title='bbox 166 1393 211 1431; x_wconf 87' lang='lat' dir='ltr'>In</span> <span class='ocrx_word' id='word_1_212' title='bbox 234 1393 408 1432; x_wconf 82' lang='lat' dir='ltr'>Psalmos</span> <span class='ocrx_word' id='word_1_213' title='bbox 424 1394 454 1432; x_wconf 91' lang='lat'>1.</span> <span class='ocrx_word' id='word_1_214' title='bbox 473 1395 569 1437; x_wconf 86' lang='lat'>353.</span> <span class='ocrx_word' id='word_1_215' title='bbox 587 1394 633 1435; x_wconf 88' lang='lat' dir='ltr'>D.</span> <span class='ocrx_word' id='word_1_216' title='bbox 659 1394 707 1432; x_wconf 88' lang='lat' dir='ltr'>In</span> <span class='ocrx_word' id='word_1_217' title='bbox 730 1394 938 1433; x_wconf 87' lang='lat' dir='ltr'>Canticum</span> <span class='ocrx_word' id='word_1_218' title='bbox 954 1394 1102 1434; x_wconf 79' lang='lat' dir='ltr'>cantic.</span> <span class='ocrx_word' id='word_1_219' title='bbox 1121 1396 1216 1438; x_wconf 82' lang='lat'>502.</span> <span class='ocrx_word' id='word_1_220' title='bbox 1237 1395 1281 1434; x_wconf 89' lang='lat' dir='ltr'>B.</span> <span class='ocrx_word' id='word_1_221' title='bbox 1301 1396 1358 1433; x_wconf 91' lang='lat' dir='ltr'>De</span> <span class='ocrx_word' id='word_1_222' title='bbox 1376 1409 1471 1434; x_wconf 88' lang='lat' dir='ltr'>ora-</span> 
     </span>
     <span class='ocr_line' id='line_1_23' title="bbox 20 1448 1471 1505; baseline 0.001 -17"><span class='ocrx_word' id='word_1_223' title='bbox 20 1448 131 1488; x_wconf 70' lang='lat' dir='ltr'>tione</span> <span class='ocrx_word' id='word_1_224' title='bbox 150 1449 352 1488; x_wconf 78' lang='lat' dir='ltr'>Dominiea</span> <span class='ocrx_word' id='word_1_225' title='bbox 367 1453 463 1493; x_wconf 79' lang='lat'>729.</span> <span class='ocrx_word' id='word_1_226' title='bbox 482 1450 528 1489; x_wconf 88' lang='lat' dir='ltr'>B.</span> <span class='ocrx_word' id='word_1_227' title='bbox 557 1450 654 1489; x_wconf 84' lang='lat' dir='ltr'>Inde</span> <span class='ocrx_word' id='word_1_228' title='bbox 671 1452 868 1505; x_wconf 80' lang='grc' dir='ltr'>περίγειος</span> <span class='ocrx_word' id='word_1_229' title='bbox 884 1464 975 1489; x_wconf 88' lang='lat' dir='ltr'>cum</span> <span class='ocrx_word' id='word_1_230' title='bbox 994 1451 1245 1489; x_wconf 81' lang='lat' dir='ltr'>substantivo</span> <span class='ocrx_word' id='word_1_231' title='bbox 1264 1451 1346 1489; x_wconf 87' lang='lat' dir='ltr'>loci</span> <span class='ocrx_word' id='word_1_232' title='bbox 1364 1451 1471 1490; x_wconf 83' lang='lat' dir='ltr'>valet</span> 
     </span>
     <span class='ocr_line' id='line_1_24' title="bbox 22 1504 1470 1558; baseline 0.001 -15"><span class='ocrx_word' id='word_1_233' title='bbox 22 1505 106 1544; x_wconf 76' lang='lat' dir='ltr'>fere</span> <span class='ocrx_word' id='word_1_234' title='bbox 135 1504 241 1543; x_wconf 79' lang='lat' dir='ltr'>idem</span> <span class='ocrx_word' id='word_1_235' title='bbox 264 1506 375 1558; x_wconf 82' lang='lat' dir='ltr'>quod</span> <span class='ocrx_word' id='word_1_236' title='bbox 399 1514 520 1544; x_wconf 81' lang='lat' dir='ltr'>terra.</span> <span class='ocrx_word' id='word_1_237' title='bbox 579 1507 777 1557; x_wconf 80' lang='lat' dir='ltr'>Georgius·</span> <span class='ocrx_word' id='word_1_238' title='bbox 797 1506 1092 1545; x_wconf 82' lang='lat' dir='ltr'>Alexandrinus</span> <span class='ocrx_word' id='word_1_239' title='bbox 1114 1506 1204 1545; x_wconf 84' lang='lat' dir='ltr'>Vita</span> <span class='ocrx_word' id='word_1_240' title='bbox 1225 1508 1264 1544; x_wconf 91' lang='lat' dir='ltr'>S.</span> <span class='ocrx_word' id='word_1_241' title='bbox 1290 1506 1470 1558; x_wconf 85' lang='lat' dir='ltr'>Chryso—</span> 
     </span>
     <span class='ocr_line' id='line_1_25' title="bbox 21 1559 1469 1615; baseline -0.004 -10"><span class='ocrx_word' id='word_1_242' title='bbox 21 1561 141 1599; x_wconf 74' lang='lat' dir='ltr'>⁸t⁰mi</span> <span class='ocrx_word' id='word_1_243' title='bbox 158 1561 256 1599; x_wconf 83' lang='lat' dir='ltr'>Vffl-</span> <span class='ocrx_word' id='word_1_244' title='bbox 275 1565 371 1605; x_wconf 90' lang='grc'><strong>260.</strong></span> <span class='ocrx_word' id='word_1_245' title='bbox 390 1564 458 1605; x_wconf 88' lang='grc'>38.</span> <span class='ocrx_word' id='word_1_246' title='bbox 481 1560 535 1610; x_wconf 72' lang='grc' dir='ltr'>ὥς</span> <span class='ocrx_word' id='word_1_247' title='bbox 556 1559 662 1610; x_wconf 72' lang='grc' dir='ltr'>ἅπας</span> <span class='ocrx_word' id='word_1_248' title='bbox 680 1561 703 1603; x_wconf 84' lang='grc' dir='ltr'><strong><em>ὖ</em></strong></span> <span class='ocrx_word' id='word_1_249' title='bbox 722 1564 919 1615; x_wconf 83' lang='grc' dir='ltr'>περίγειος</span> <span class='ocrx_word' id='word_1_250' title='bbox 937 1563 1139 1603; x_wconf 77' lang='grc' dir='ltr'>ἐπίσταται</span> <span class='ocrx_word' id='word_1_251' title='bbox 1154 1565 1295 1614; x_wconf 75' lang='grc' dir='ltr'>χοῖρος,</span> <span class='ocrx_word' id='word_1_252' title='bbox 1324 1570 1371 1600; x_wconf 81' lang='lat' dir='ltr'>ut</span> <span class='ocrx_word' id='word_1_253' title='bbox 1390 1565 1469 1600; x_wconf 74' lang='lat' dir='ltr'>ecit</span> 
     </span>
     <span class='ocr_line' id='line_1_26' title="bbox 22 1616 1469 1672; baseline 0.002 -18"><span class='ocrx_word' id='word_1_254' title='bbox 22 1617 133 1655; x_wconf 69' lang='lat' dir='ltr'>orbis</span> <span class='ocrx_word' id='word_1_255' title='bbox 150 1625 361 1656; x_wconf 71' lang='lat' dir='ltr'>tet-ravum.</span> <span class='ocrx_word' id='word_1_256' title='bbox 416 1617 514 1656; x_wconf 78' lang='lat' dir='ltr'>Item</span> <span class='ocrx_word' id='word_1_257' title='bbox 534 1616 558 1658; x_wconf 78' lang='grc' dir='ltr'><em>ὅ</em></span> <span class='ocrx_word' id='word_1_258' title='bbox 576 1619 771 1672; x_wconf 90' lang='grc' dir='ltr'>περίγειος</span> <span class='ocrx_word' id='word_1_259' title='bbox 786 1622 915 1672; x_wconf 74' lang='grc' dir='ltr'>χῶρος</span> <span class='ocrx_word' id='word_1_260' title='bbox 934 1617 1048 1657; x_wconf 82' lang='grc' dir='ltr'>ΡΙιιἹο</span> <span class='ocrx_word' id='word_1_261' title='bbox 1070 1619 1187 1667; x_wconf 87' lang='lat' dir='ltr'>Quod</span> <span class='ocrx_word' id='word_1_262' title='bbox 1206 1619 1379 1657; x_wconf 82' lang='lat' dir='ltr'>deterius</span> <span class='ocrx_word' id='word_1_263' title='bbox 1397 1633 1469 1670; x_wconf 86' lang='lat' dir='ltr'>po-</span> 
     </span>
     <span class='ocr_line' id='line_1_27' title="bbox 21 1673 1468 1726; baseline 0.001 -15"><span class='ocrx_word' id='word_1_264' title='bbox 21 1674 118 1711; x_wconf 81' lang='lat' dir='ltr'>tiori</span> <span class='ocrx_word' id='word_1_265' title='bbox 136 1673 317 1712; x_wconf 85' lang='lat' dir='ltr'>insidiari</span> <span class='ocrx_word' id='word_1_266' title='bbox 334 1673 407 1712; x_wconf 85' lang='lat' dir='ltr'>sol.</span> <span class='ocrx_word' id='word_1_267' title='bbox 428 1675 520 1716; x_wconf 84' lang='grc'><strong>132.</strong></span> <span class='ocrx_word' id='word_1_268' title='bbox 538 1673 586 1712; x_wconf 91' lang='lat' dir='ltr'>G.</span> <span class='ocrx_word' id='word_1_269' title='bbox 608 1675 663 1712; x_wconf 88' lang='lat' dir='ltr'>De</span> <span class='ocrx_word' id='word_1_270' title='bbox 683 1675 914 1713; x_wconf 82' lang='lat' dir='ltr'>confusione</span> <span class='ocrx_word' id='word_1_271' title='bbox 933 1675 1100 1726; x_wconf 88' lang='lat' dir='ltr'>linguar.</span> <span class='ocrx_word' id='word_1_272' title='bbox 1120 1675 1215 1717; x_wconf 80' lang='grc'><strong>259.</strong></span> <span class='ocrx_word' id='word_1_273' title='bbox 1236 1675 1280 1712; x_wconf 87' lang='lat' dir='ltr'>F.</span> <span class='ocrx_word' id='word_1_274' title='bbox 1305 1677 1344 1713; x_wconf 89' lang='lat' dir='ltr'>S.</span> <span class='ocrx_word' id='word_1_275' title='bbox 1365 1676 1468 1713; x_wconf 86' lang='lat' dir='ltr'>Gre—</span> 
     </span>
     <span class='ocr_line' id='line_1_28' title="bbox 20 1729 1467 1780; baseline 0.003 -14"><span class='ocrx_word' id='word_1_276' title='bbox 20 1729 155 1779; x_wconf 78' lang='lat' dir='ltr'>gorius</span> <span class='ocrx_word' id='word_1_277' title='bbox 186 1729 384 1780; x_wconf 77' lang='lat' dir='ltr'>Nyssenus</span> <span class='ocrx_word' id='word_1_278' title='bbox 411 1729 469 1767; x_wconf 89' lang='lat' dir='ltr'>De</span> <span class='ocrx_word' id='word_1_279' title='bbox 491 1729 767 1768; x_wconf 86' lang='lat' dir='ltr'>beatitudinib.</span> <span class='ocrx_word' id='word_1_280' title='bbox 794 1731 826 1769; x_wconf 93' lang='lat' dir='ltr'>I.</span> <span class='ocrx_word' id='word_1_281' title='bbox 852 1733 946 1773; x_wconf 86' lang='lat'>831.</span> <span class='ocrx_word' id='word_1_282' title='bbox 974 1731 1024 1773; x_wconf 78' lang='lat' dir='ltr'>A.</span> <span class='ocrx_word' id='word_1_283' title='bbox 1066 1731 1211 1768; x_wconf 81' lang='lat' dir='ltr'>Contra</span> <span class='ocrx_word' id='word_1_284' title='bbox 1229 1731 1467 1770; x_wconf 86' lang='lat' dir='ltr'>Eunomium</span> 
     </span>
     <span class='ocr_line' id='line_1_29' title="bbox 20 1781 1465 1839; baseline 0.001 -16"><span class='ocrx_word' id='word_1_285' title='bbox 20 1784 70 1823; x_wconf 89' lang='lat'>11.</span> <span class='ocrx_word' id='word_1_286' title='bbox 96 1787 194 1827; x_wconf 86' lang='lat'>360.</span> <span class='ocrx_word' id='word_1_287' title='bbox 214 1785 259 1824; x_wconf 81' lang='grc' dir='ltr'>Δ.</span> <span class='ocrx_word' id='word_1_288' title='bbox 282 1783 310 1825; x_wconf 82' lang='lat' dir='ltr'>o‘</span> <span class='ocrx_word' id='word_1_289' title='bbox 326 1786 523 1837; x_wconf 83' lang='grc' dir='ltr'>περίγειος</span> <span class='ocrx_word' id='word_1_290' title='bbox 539 1781 711 1837; x_wconf 69' lang='grc' dir='ltr'>κόσμος,</span> <span class='ocrx_word' id='word_1_291' title='bbox 740 1786 909 1824; x_wconf 85' lang='lat' dir='ltr'>mundus</span> <span class='ocrx_word' id='word_1_292' title='bbox 938 1792 1139 1835; x_wconf 85' lang='lat' dir='ltr'>terrenus,</span> <span class='ocrx_word' id='word_1_293' title='bbox 1166 1786 1246 1824; x_wconf 92' lang='lat' dir='ltr'>hoc</span> <span class='ocrx_word' id='word_1_294' title='bbox 1265 1793 1324 1824; x_wconf 88' lang='lat' dir='ltr'>est</span> <span class='ocrx_word' id='word_1_295' title='bbox 1343 1794 1465 1839; x_wconf 82' lang='lat' dir='ltr'>terra,</span> 
     </span>
     <span class='ocr_line' id='line_1_30' title="bbox 20 1840 1467 1891; baseline 0.001 -12"><span class='ocrx_word' id='word_1_296' title='bbox 20 1840 161 1879; x_wconf 79' lang='lat' dir='ltr'>Euseb.</span> <span class='ocrx_word' id='word_1_297' title='bbox 191 1840 409 1879; x_wconf 80' lang='lat' dir='ltr'>Demonstr.</span> <span class='ocrx_word' id='word_1_298' title='bbox 440 1841 626 1891; x_wconf 77' lang='lat' dir='ltr'>Evangel.</span> <span class='ocrx_word' id='word_1_299' title='bbox 656 1843 749 1885; x_wconf 78' lang='lat'>422.</span> <span class='ocrx_word' id='word_1_300' title='bbox 782 1842 823 1881; x_wconf 90' lang='lat' dir='ltr'>C.</span> <span class='ocrx_word' id='word_1_301' title='bbox 853 1842 1050 1880; x_wconf 84' lang='lat' dir='ltr'>Palladius</span> <span class='ocrx_word' id='word_1_302' title='bbox 1070 1843 1126 1880; x_wconf 88' lang='lat' dir='ltr'>De</span> <span class='ocrx_word' id='word_1_303' title='bbox 1147 1842 1232 1880; x_wconf 79' lang='lat' dir='ltr'>vita</span> <span class='ocrx_word' id='word_1_304' title='bbox 1252 1844 1292 1881; x_wconf 89' lang='lat' dir='ltr'>S.</span> <span class='ocrx_word' id='word_1_305' title='bbox 1308 1843 1467 1882; x_wconf 85' lang='lat' dir='ltr'>loannis</span> 
     </span>
     <span class='ocr_line' id='line_1_31' title="bbox 21 1894 1466 1950; baseline 0.003 -16"><span class='ocrx_word' id='word_1_306' title='bbox 21 1895 293 1947; x_wconf 82' lang='lat' dir='ltr'>Chrysostomi</span> <span class='ocrx_word' id='word_1_307' title='bbox 330 1900 423 1939; x_wconf 88' lang='lat'>110.</span> <span class='ocrx_word' id='word_1_308' title='bbox 465 1897 507 1934; x_wconf 91' lang='lat' dir='ltr'>C.</span> <span class='ocrx_word' id='word_1_309' title='bbox 546 1896 571 1937; x_wconf 79' lang='grc' dir='ltr'><em>ἆ</em></span> <span class='ocrx_word' id='word_1_310' title='bbox 603 1899 798 1950; x_wconf 84' lang='grc' dir='ltr'>περίγειος</span> <span class='ocrx_word' id='word_1_311' title='bbox 827 1894 950 1946; x_wconf 81' lang='grc' dir='ltr'>τόπος</span> <span class='ocrx_word' id='word_1_312' title='bbox 983 1898 1170 1936; x_wconf 79' lang='lat' dir='ltr'>Eusebius</span> <span class='ocrx_word' id='word_1_313' title='bbox 1201 1899 1466 1938; x_wconf 76' lang='lat' dir='ltr'>Demonstrat.</span> 
     </span>
     <span class='ocr_line' id='line_1_32' title="bbox 18 1951 1465 2005; baseline 0.001 -15"><span class='ocrx_word' id='word_1_314' title='bbox 18 1951 205 2003; x_wconf 79' lang='lat' dir='ltr'>Evangel.</span> <span class='ocrx_word' id='word_1_315' title='bbox 235 1953 330 1995; x_wconf 77' lang='grc'><strong>427.</strong></span> <span class='ocrx_word' id='word_1_316' title='bbox 356 1953 403 1990; x_wconf 90' lang='lat' dir='ltr'>D.</span> <span class='ocrx_word' id='word_1_317' title='bbox 437 1954 475 1989; x_wconf 92' lang='lat' dir='ltr'>S.</span> <span class='ocrx_word' id='word_1_318' title='bbox 506 1953 668 2003; x_wconf 84' lang='lat' dir='ltr'>Gregor.</span> <span class='ocrx_word' id='word_1_319' title='bbox 691 1954 859 2005; x_wconf 69' lang='lat' dir='ltr'>Nyssen.</span> <span class='ocrx_word' id='word_1_320' title='bbox 885 1955 995 1993; x_wconf 85' lang='lat' dir='ltr'>Orat.</span> <span class='ocrx_word' id='word_1_321' title='bbox 1021 1954 1209 1993; x_wconf 84' lang='lat' dir='ltr'>catechet.</span> <span class='ocrx_word' id='word_1_322' title='bbox 1226 1954 1275 1992; x_wconf 88' lang='lat'>11.</span> <span class='ocrx_word' id='word_1_323' title='bbox 1304 1956 1401 1998; x_wconf 83' lang='lat'>487.</span> <span class='ocrx_word' id='word_1_324' title='bbox 1419 1955 1465 1993; x_wconf 90' lang='grc' dir='ltr'>Β.</span> 
     </span>
     <span class='ocr_line' id='line_1_33' title="bbox 17 2008 1464 2063; baseline 0.003 -17"><span class='ocrx_word' id='word_1_325' title='bbox 17 2008 198 2060; x_wconf 77' lang='lat' dir='ltr'>Aliisque</span> <span class='ocrx_word' id='word_1_326' title='bbox 215 2008 314 2046; x_wconf 77' lang='lat' dir='ltr'>locis</span> <span class='ocrx_word' id='word_1_327' title='bbox 334 2008 442 2060; x_wconf 86' lang='lat' dir='ltr'>apud</span> <span class='ocrx_word' id='word_1_328' title='bbox 462 2009 631 2047; x_wconf 86' lang='lat' dir='ltr'>Leonem</span> <span class='ocrx_word' id='word_1_329' title='bbox 645 2017 825 2048; x_wconf 80' lang='lat' dir='ltr'>nostrum</span> <span class='ocrx_word' id='word_1_330' title='bbox 844 2010 1008 2048; x_wconf 86' lang='lat' dir='ltr'>dubium</span> <span class='ocrx_word' id='word_1_331' title='bbox 1028 2025 1111 2049; x_wconf 86' lang='lat' dir='ltr'>non</span> <span class='ocrx_word' id='word_1_332' title='bbox 1129 2016 1206 2060; x_wconf 86' lang='lat' dir='ltr'>est,</span> <span class='ocrx_word' id='word_1_333' title='bbox 1234 2011 1332 2062; x_wconf 81' lang='lat' dir='ltr'>quin</span> <span class='ocrx_word' id='word_1_334' title='bbox 1348 2010 1380 2063; x_wconf 78' lang='grc' dir='ltr'><em>ἦ</em></span> <span class='ocrx_word' id='word_1_335' title='bbox 1395 2026 1464 2051; x_wconf 88' lang='grc' dir='ltr'>πε-</span> 
     </span>
     <span class='ocr_line' id='line_1_34' title="bbox 13 2065 1500 2117; baseline 0.003 -16"><span class='ocrx_word' id='word_1_336' title='bbox 13 2065 164 2117; x_wconf 79' lang='grc' dir='ltr'>ρίγειος</span> <span class='ocrx_word' id='word_1_337' title='bbox 192 2065 322 2102; x_wconf 79' lang='lat' dir='ltr'>valeat</span> <span class='ocrx_word' id='word_1_338' title='bbox 337 2072 466 2113; x_wconf 80' lang='lat' dir='ltr'>terra,</span> <span class='ocrx_word' id='word_1_339' title='bbox 495 2071 543 2103; x_wconf 89' lang='lat' dir='ltr'>ut</span> <span class='ocrx_word' id='word_1_340' title='bbox 570 2069 637 2108; x_wconf 86' lang='lat'>99.</span> <span class='ocrx_word' id='word_1_341' title='bbox 665 2065 711 2104; x_wconf 81' lang='lat' dir='ltr'>A.</span> <span class='ocrx_word' id='word_1_342' title='bbox 766 2066 968 2104; x_wconf 84' lang='lat' dir='ltr'>Interdum</span> <span class='ocrx_word' id='word_1_343' title='bbox 989 2073 1119 2105; x_wconf 78' lang='lat' dir='ltr'>tamen</span> <span class='ocrx_word' id='word_1_344' title='bbox 1137 2066 1500 2117; x_wconf 83' lang='lat' dir='ltr'>significationemc</span> 
     </span>
     <span class='ocr_line' id='line_1_35' title="bbox 18 2120 1463 2172; baseline 0.002 -15"><span class='ocrx_word' id='word_1_345' title='bbox 18 2133 71 2158; x_wconf 77' lang='lat' dir='ltr'>ex</span> <span class='ocrx_word' id='word_1_346' title='bbox 98 2121 296 2170; x_wconf 79' lang='lat' dir='ltr'>etymolog</span> <span class='ocrx_word' id='word_1_347' title='bbox 277 2120 336 2157; x_wconf 80' lang='lat' dir='ltr'>oia</span> <span class='ocrx_word' id='word_1_348' title='bbox 361 2121 523 2159; x_wconf 78' lang='lat' dir='ltr'>ductam</span> <span class='ocrx_word' id='word_1_349' title='bbox 547 2121 670 2172; x_wconf 84' lang='lat' dir='ltr'>magis</span> <span class='ocrx_word' id='word_1_350' title='bbox 695 2121 851 2161; x_wconf 83' lang='lat' dir='ltr'>retinet.</span> <span class='ocrx_word' id='word_1_351' title='bbox 907 2122 973 2161; x_wconf 81' lang='lat' dir='ltr'>Sic</span> <span class='ocrx_word' id='word_1_352' title='bbox 1005 2122 1118 2161; x_wconf 88' lang='lat' dir='ltr'>Philo</span> <span class='ocrx_word' id='word_1_353' title='bbox 1146 2123 1204 2161; x_wconf 92' lang='lat' dir='ltr'>De</span> <span class='ocrx_word' id='word_1_354' title='bbox 1234 2123 1463 2163; x_wconf 83' lang='lat' dir='ltr'>monarchia</span> 
     </span>
     <span class='ocr_line' id='line_1_36' title="bbox 17 2173 1461 2231; baseline -0.001 -13"><span class='ocrx_word' id='word_1_355' title='bbox 17 2179 118 2218; x_wconf 87' lang='grc'><strong>627.</strong></span> <span class='ocrx_word' id='word_1_356' title='bbox 137 2173 207 2223; x_wconf 59' lang='lat' dir='ltr'>uit,-</span> <span class='ocrx_word' id='word_1_357' title='bbox 228 2191 323 2227; x_wconf 83' lang='grc' dir='ltr'>μετα</span> <span class='ocrx_word' id='word_1_358' title='bbox 342 2173 512 2229; x_wconf 75' lang='grc' dir='ltr'>σελήνην</span> <span class='ocrx_word' id='word_1_359' title='bbox 532 2176 576 2217; x_wconf 81' lang='grc' dir='ltr'>ἐν</span> <span class='ocrx_word' id='word_1_360' title='bbox 598 2173 685 2230; x_wconf 67' lang='grc' dir='ltr'>ἀέρι</span> <span class='ocrx_word' id='word_1_361' title='bbox 703 2178 924 2231; x_wconf 82' lang='grc' dir='ltr'>περιγείους</span> <span class='ocrx_word' id='word_1_362' title='bbox 939 2175 1103 2230; x_wconf 79' lang='grc' dir='ltr'>φύσεις,</span> <span class='ocrx_word' id='word_1_363' title='bbox 1132 2186 1326 2229; x_wconf 67' lang='lat' dir='ltr'>naturas,</span> <span class='ocrx_word' id='word_1_364' title='bbox 1357 2194 1461 2231; x_wconf 82' lang='lat' dir='ltr'>quae</span> 
     </span>
     <span class='ocr_line' id='line_1_37' title="bbox 12 2231 1460 2286; baseline 0.003 -19"><span class='ocrx_word' id='word_1_365' title='bbox 12 2238 110 2282; x_wconf 73' lang='lat' dir='ltr'>poet</span> <span class='ocrx_word' id='word_1_366' title='bbox 137 2231 279 2268; x_wconf 82' lang='lat' dir='ltr'>lunam</span> <span class='ocrx_word' id='word_1_367' title='bbox 308 2234 354 2269; x_wconf 86' lang='lat' dir='ltr'>in</span> <span class='ocrx_word' id='word_1_368' title='bbox 379 2237 469 2269; x_wconf 74' lang='grc' dir='ltr'>αένε</span> <span class='ocrx_word' id='word_1_369' title='bbox 494 2235 603 2270; x_wconf 80' lang='lat' dir='ltr'>circa</span> <span class='ocrx_word' id='word_1_370' title='bbox 635 2241 783 2271; x_wconf 79' lang='lat' dir='ltr'>terram</span> <span class='ocrx_word' id='word_1_371' title='bbox 803 2242 910 2272; x_wconf 72' lang='lat' dir='ltr'>sunt.</span> <span class='ocrx_word' id='word_1_372' title='bbox 965 2235 1150 2286; x_wconf 84' lang='lat' dir='ltr'>Agathias</span> <span class='ocrx_word' id='word_1_373' title='bbox 1168 2235 1268 2274; x_wconf 81' lang='lat' dir='ltr'>Hist.</span> <span class='ocrx_word' id='word_1_374' title='bbox 1295 2235 1390 2278; x_wconf 83' lang='grc'><strong>145.</strong></span> <span class='ocrx_word' id='word_1_375' title='bbox 1414 2236 1460 2272; x_wconf 90' lang='lat' dir='ltr'>D.</span> 
     </span>
     <span class='ocr_line' id='line_1_38' title="bbox 15 2283 1461 2343; baseline 0.001 -16"><span class='ocrx_word' id='word_1_376' title='bbox 15 2286 43 2327; x_wconf 75' lang='grc' dir='ltr'><strong><em>ὗ</em></strong></span> <span class='ocrx_word' id='word_1_377' title='bbox 57 2287 252 2339; x_wconf 81' lang='grc' dir='ltr'>περίγειος</span> <span class='ocrx_word' id='word_1_378' title='bbox 277 2283 381 2339; x_wconf 75' lang='grc' dir='ltr'>ἆηρ,</span> <span class='ocrx_word' id='word_1_379' title='bbox 410 2294 481 2326; x_wconf 58' lang='lat' dir='ltr'>air</span> <span class='ocrx_word' id='word_1_380' title='bbox 498 2296 626 2327; x_wconf 82' lang='lat' dir='ltr'>terrae</span> <span class='ocrx_word' id='word_1_381' title='bbox 643 2292 827 2341; x_wconf 75' lang='lat' dir='ltr'>proxime</span> <span class='ocrx_word' id='word_1_382' title='bbox 852 2292 1135 2341; x_wconf 63' lang='lat' dir='ltr'>carcumfusus.</span> <span class='ocrx_word' id='word_1_383' title='bbox 1188 2292 1325 2343; x_wconf 86' lang='lat' dir='ltr'>Neque</span> <span class='ocrx_word' id='word_1_384' title='bbox 1344 2291 1461 2329; x_wconf 82' lang='lat' dir='ltr'>aliter</span> 
     </span>
     <span class='ocr_line' id='line_1_39' title="bbox 16 2340 1458 2398; baseline 0.003 -17"><span class='ocrx_word' id='word_1_385' title='bbox 16 2340 51 2394; x_wconf 77' lang='grc' dir='ltr'><em>ἦ</em></span> <span class='ocrx_word' id='word_1_386' title='bbox 66 2344 263 2395; x_wconf 85' lang='grc' dir='ltr'>περίγειος</span> <span class='ocrx_word' id='word_1_387' title='bbox 278 2343 557 2383; x_wconf 76' lang='lat' dir='ltr'>substantive</span> <span class='ocrx_word' id='word_1_388' title='bbox 542 2359 588 2382; x_wconf 88' lang='lat'>111</span> <span class='ocrx_word' id='word_1_389' title='bbox 607 2346 739 2384; x_wconf 86' lang='lat' dir='ltr'>Procli</span> <span class='ocrx_word' id='word_1_390' title='bbox 758 2345 945 2398; x_wconf 84' lang='lat' dir='ltr'>Paraphr.</span> <span class='ocrx_word' id='word_1_391' title='bbox 963 2347 1008 2385; x_wconf 87' lang='lat' dir='ltr'>in</span> <span class='ocrx_word' id='word_1_392' title='bbox 1024 2349 1188 2388; x_wconf 78' lang='lat' dir='ltr'>Ptolem.</span> <span class='ocrx_word' id='word_1_393' title='bbox 1205 2350 1247 2390; x_wconf 87' lang='lat'>3.</span> <span class='ocrx_word' id='word_1_394' title='bbox 1281 2348 1320 2384; x_wconf 91' lang='lat' dir='ltr'>C.</span> <span class='ocrx_word' id='word_1_395' title='bbox 1338 2343 1458 2386; x_wconf 82' lang='grc' dir='ltr'>δύνα-</span> 
     </span>
     <span class='ocr_line' id='line_1_40' title="bbox 18 2397 1459 2456; baseline 0.006 -21"><span class='ocrx_word' id='word_1_396' title='bbox 18 2398 86 2450; x_wconf 77' lang='grc' dir='ltr'>μίς</span> <span class='ocrx_word' id='word_1_397' title='bbox 108 2413 168 2445; x_wconf 81' lang='grc' dir='ltr'>τις</span> <span class='ocrx_word' id='word_1_398' title='bbox 184 2397 423 2448; x_wconf 80' lang='grc' dir='ltr'>διαδίδοται,</span> <span class='ocrx_word' id='word_1_399' title='bbox 450 2399 518 2440; x_wconf 75' lang='grc' dir='ltr'>καὶ</span> <span class='ocrx_word' id='word_1_400' title='bbox 544 2402 740 2453; x_wconf 79' lang='grc' dir='ltr'>διαβαίνει</span> <span class='ocrx_word' id='word_1_401' title='bbox 758 2402 815 2449; x_wconf 84' lang='grc' dir='ltr'>εἰς</span> <span class='ocrx_word' id='word_1_402' title='bbox 831 2405 966 2443; x_wconf 77' lang='grc' dir='ltr'>πᾶσαν</span> <span class='ocrx_word' id='word_1_403' title='bbox 979 2419 1054 2455; x_wconf 76' lang='grc' dir='ltr'>την</span> <span class='ocrx_word' id='word_1_404' title='bbox 1074 2405 1285 2456; x_wconf 82' lang='grc' dir='ltr'>περίγειον.</span> <span class='ocrx_word' id='word_1_405' title='bbox 1342 2402 1459 2439; x_wconf 79' lang='lat' dir='ltr'>Unde</span> 
     </span>
     <span class='ocr_line' id='line_1_41' title="bbox 13 2454 1459 2509; baseline 0.002 -19"><span class='ocrx_word' id='word_1_406' title='bbox 13 2454 302 2492; x_wconf 78' lang='lat' dir='ltr'>emendandum</span> <span class='ocrx_word' id='word_1_407' title='bbox 330 2455 540 2494; x_wconf 84' lang='lat' dir='ltr'>Ptolemaei</span> <span class='ocrx_word' id='word_1_408' title='bbox 564 2457 907 2509; x_wconf 83' lang='lat' dir='ltr'>Quadripartitum</span> <span class='ocrx_word' id='word_1_409' title='bbox 938 2464 979 2502; x_wconf 80' lang='grc'>2.</span> <span class='ocrx_word' id='word_1_410' title='bbox 1011 2461 1054 2500; x_wconf 84' lang='lat' dir='ltr'>C.</span> <span class='ocrx_word' id='word_1_411' title='bbox 1083 2460 1153 2498; x_wconf 88' lang='lat' dir='ltr'>ubi</span> <span class='ocrx_word' id='word_1_412' title='bbox 1194 2472 1303 2496; x_wconf 83' lang='lat' dir='ltr'>nune</span> <span class='ocrx_word' id='word_1_413' title='bbox 1331 2458 1459 2494; x_wconf 82' lang='lat' dir='ltr'>forma</span> 
     </span>
     <span class='ocr_line' id='line_1_42' title="bbox 16 2508 1459 2567; baseline 0.001 -21"><span class='ocrx_word' id='word_1_414' title='bbox 16 2509 182 2559; x_wconf 80' lang='lat' dir='ltr'>vitiosa,</span> <span class='ocrx_word' id='word_1_415' title='bbox 210 2513 347 2549; x_wconf 77' lang='grc' dir='ltr'>πᾶσαν</span> <span class='ocrx_word' id='word_1_416' title='bbox 374 2508 451 2562; x_wconf 79' lang='grc' dir='ltr'>τὴν</span> <span class='ocrx_word' id='word_1_417' title='bbox 471 2513 670 2567; x_wconf 79' lang='grc' dir='ltr'>περίγειαν</span> <span class='ocrx_word' id='word_1_418' title='bbox 691 2514 795 2565; x_wconf 89' lang='lat' dir='ltr'>[sic].</span> <span class='ocrx_word' id='word_1_419' title='bbox 851 2515 1053 2554; x_wconf 83' lang='lat' dir='ltr'>Saniorem</span> <span class='ocrx_word' id='word_1_420' title='bbox 1071 2528 1211 2553; x_wconf 84' lang='lat' dir='ltr'>vocem</span> <span class='ocrx_word' id='word_1_421' title='bbox 1229 2513 1459 2562; x_wconf 76' lang='lat' dir='ltr'>Lexicisque</span> 
     </span>
     <span class='ocr_line' id='line_1_43' title="bbox 13 2564 1506 2622; baseline 0.001 -19"><span class='ocrx_word' id='word_1_422' title='bbox 13 2564 188 2614; x_wconf 84' lang='lat' dir='ltr'>ignotam</span> <span class='ocrx_word' id='word_1_423' title='bbox 215 2565 335 2604; x_wconf 83' lang='lat' dir='ltr'>habet</span> <span class='ocrx_word' id='word_1_424' title='bbox 360 2567 601 2606; x_wconf 82' lang='lat' dir='ltr'>Ptolemaeus</span> <span class='ocrx_word' id='word_1_425' title='bbox 630 2570 885 2622; x_wconf 86' lang='lat' dir='ltr'>Quadripart.</span> <span class='ocrx_word' id='word_1_426' title='bbox 918 2574 982 2614; x_wconf 88' lang='lat'>17.</span> <span class='ocrx_word' id='word_1_427' title='bbox 1008 2573 1053 2612; x_wconf 90' lang='lat' dir='ltr'>B.</span> <span class='ocrx_word' id='word_1_428' title='bbox 1072 2573 1209 2610; x_wconf 83' lang='lat' dir='ltr'>lunam</span> <span class='ocrx_word' id='word_1_429' title='bbox 1226 2568 1459 2606; x_wconf 88' lang='lat' dir='ltr'>antecellere</span> <span class='ocrx_word' id='word_1_430' title='bbox 1501 2592 1506 2598; x_wconf 87' lang='lat'><em>-</em></span> 
     </span>
     <span class='ocr_line' id='line_1_44' title="bbox 12 2618 979 2676; baseline 0.004 -16"><span class='ocrx_word' id='word_1_431' title='bbox 12 2618 86 2660; x_wconf 72' lang='grc' dir='ltr'>διιὶ</span> <span class='ocrx_word' id='word_1_432' title='bbox 97 2619 172 2672; x_wconf 77' lang='grc' dir='ltr'>τήν</span> <span class='ocrx_word' id='word_1_433' title='bbox 187 2619 469 2676; x_wconf 81' lang='grc' dir='ltr'>περιγειότητα,</span> <span class='ocrx_word' id='word_1_434' title='bbox 498 2626 599 2674; x_wconf 86' lang='lat' dir='ltr'>quia</span> <span class='ocrx_word' id='word_1_435' title='bbox 614 2633 741 2663; x_wconf 76' lang='lat' dir='ltr'>terrae</span> <span class='ocrx_word' id='word_1_436' title='bbox 757 2628 892 2664; x_wconf 76' lang='lat' dir='ltr'>vicina</span> <span class='ocrx_word' id='word_1_437' title='bbox 907 2635 979 2666; x_wconf 71' lang='lat' dir='ltr'>est.</span> 
     </span>
     <span class='ocr_line' id='line_1_45' title="bbox 128 2677 1454 2735; baseline 0 -16"><span class='ocrx_word' id='word_1_438' title='bbox 128 2677 232 2715; x_wconf 72' lang='lat' dir='ltr'><em>Ibid-</em></span> <span class='ocrx_word' id='word_1_439' title='bbox 259 2679 333 2717; x_wconf 75' lang='lat' dir='ltr'>lin·</span> <span class='ocrx_word' id='word_1_440' title='bbox 369 2682 433 2720; x_wconf 81' lang='grc'>12.</span> <span class='ocrx_word' id='word_1_441' title='bbox 463 2680 621 2732; x_wconf 80' lang='grc' dir='ltr'>ζωγρίαι</span> <span class='ocrx_word' id='word_1_442' title='bbox 641 2697 743 2733; x_wconf 88' lang='grc' dir='ltr'>προς</span> <span class='ocrx_word' id='word_1_443' title='bbox 766 2698 848 2722; x_wconf 84' lang='grc' dir='ltr'>των</span> <span class='ocrx_word' id='word_1_444' title='bbox 876 2682 1075 2735; x_wconf 84' lang='grc' dir='ltr'>Ῥωμαίων</span> <span class='ocrx_word' id='word_1_445' title='bbox 1100 2677 1348 2732; x_wconf 75' lang='grc' dir='ltr'>ληφθέντες]</span> <span class='ocrx_word' id='word_1_446' title='bbox 1376 2679 1454 2717; x_wconf 85' lang='lat' dir='ltr'>Pro</span> 
     </span>
     <span class='ocr_line' id='line_1_46' title="bbox 12 2728 1453 2792; baseline 0.005 -22"><span class='ocrx_word' id='word_1_447' title='bbox 12 2728 261 2782; x_wconf 68' lang='grc' dir='ltr'>αἱχμαλωτος</span> <span class='ocrx_word' id='word_1_448' title='bbox 274 2734 506 2785; x_wconf 86' lang='lat' dir='ltr'>plerumque</span> <span class='ocrx_word' id='word_1_449' title='bbox 523 2736 601 2774; x_wconf 86' lang='lat' dir='ltr'>Leo</span> <span class='ocrx_word' id='word_1_450' title='bbox 620 2744 789 2790; x_wconf 83' lang='lat' dir='ltr'>usurpat</span> <span class='ocrx_word' id='word_1_451' title='bbox 802 2739 869 2776; x_wconf 84' lang='lat' dir='ltr'>vel</span> <span class='ocrx_word' id='word_1_452' title='bbox 885 2741 961 2792; x_wconf 76' lang='grc' dir='ltr'>ζωγ</span> <span class='ocrx_word' id='word_1_453' title='bbox 962 2754 1071 2791; x_wconf 84' lang='grc' dir='ltr'>ριας,</span> <span class='ocrx_word' id='word_1_454' title='bbox 1103 2743 1150 2774; x_wconf 89' lang='lat' dir='ltr'>ut</span> <span class='ocrx_word' id='word_1_455' title='bbox 1165 2739 1232 2777; x_wconf 81' lang='lat'>22.</span> <span class='ocrx_word' id='word_1_456' title='bbox 1257 2735 1299 2772; x_wconf 84' lang='lat' dir='ltr'>C·</span> <span class='ocrx_word' id='word_1_457' title='bbox 1317 2734 1386 2776; x_wconf 86' lang='grc'>24.</span> <span class='ocrx_word' id='word_1_458' title='bbox 1407 2735 1453 2773; x_wconf 84' lang='lat' dir='ltr'>D·</span> 
     </span>
     <span class='ocr_line' id='line_1_47' title="bbox 15 2755 1452 2847; baseline 0.002 -18"><span class='ocrx_word' id='word_1_459' title='bbox 15 2787 86 2829; x_wconf 74' lang='lat'>41.</span> <span class='ocrx_word' id='word_1_460' title='bbox 111 2787 154 2826; x_wconf 84' lang='lat' dir='ltr'>C·</span> <span class='ocrx_word' id='word_1_461' title='bbox 188 2791 255 2832; x_wconf 89' lang='grc'>75.</span> <span class='ocrx_word' id='word_1_462' title='bbox 280 2789 327 2828; x_wconf 82' lang='grc' dir='ltr'>Δ.</span> <span class='ocrx_word' id='word_1_463' title='bbox 362 2792 455 2833; x_wconf 92' lang='grc'><strong>107.</strong></span> <span class='ocrx_word' id='word_1_464' title='bbox 481 2791 530 2833; x_wconf 90' lang='lat' dir='ltr'>D.</span> <span class='ocrx_word' id='word_1_465' title='bbox 546 2792 613 2831; x_wconf 81' lang='lat' dir='ltr'>vel</span> <span class='ocrx_word' id='word_1_466' title='bbox 629 2792 895 2847; x_wconf 77' lang='grc' dir='ltr'>ἒζωγρημένος</span> <span class='ocrx_word' id='word_1_467' title='bbox 910 2798 950 2836; x_wconf 92' lang='grc'>7.</span> <span class='ocrx_word' id='word_1_468' title='bbox 962 2755 1017 2832; x_wconf 59' lang='lat' dir='ltr'>eC.</span> <span class='ocrx_word' id='word_1_469' title='bbox 1034 2792 1098 2832; x_wconf 81' lang='lat' dir='ltr'>vel</span> <span class='ocrx_word' id='word_1_470' title='bbox 1116 2786 1365 2845; x_wconf 77' lang='grc' dir='ltr'>δορυᾶλωτος</span> <span class='ocrx_word' id='word_1_471' title='bbox 1386 2793 1452 2832; x_wconf 83' lang='lat'>13</span> 
     </span>
    </p>
   </div>
  </div>
 </body>
</html>
