1768 3034
304 120 404 170 216
630 126 708 171 DE
736 126 1122 171 VELITATIONE
1148 124 1386 170 BELLICA

306 232 407 276 λαὸν
425 230 556 276 αὐτῶν
576 231 816 277 ἀποστεῖλαι.
861 234 927 274 καὶ
950 231 1071 274 αὗτόν
1093 232 1238 274 ἐκεῖνον
1255 231 1328 274 τὸν
1346 231 1570 288 στρατηγὸν
1590 247 1724 287 παρα-

305 300 490 356 γενέσθαι
515 301 615 354 μετὰ
634 302 821 343 ἐκλεκτῶν
848 297 1050 355 ἀρχόντων
1074 300 1139 340 καὶ
1164 297 1519 355 καλοΐππαράτων,
1558 300 1624 341 καὶ
1651 299 1723 352 ἐμ·

306 371 555 424 φανισθῆναι
583 374 667 416 τοῖς
693 367 915 420 πολεμίοις,
951 368 1017 408 καὶ
1035 365 1137 421 πρὸς
1160 363 1294 421 μάχην
1320 367 1446 420 δῆθεν
1473 365 1566 408 κατ’
1590 365 1723 407 αὐτῶν

304 438 699 490 παρασκευασθῆναι,
727 437 800 475 τοῦ
820 437 1036 486 συμβαλεῖν
1054 431 1247 486 πόλεμον·
1281 432 1377 482 τοὺς
1391 431 1726 489 παριππαράτους

306 503 373 543 καὶ
408 499 735 557 ἐνταγιστράτους
763 501 1004 556 διαχωρίζων
1038 501 1080 550 ἐξ
1107 500 1254 552 αὗτοῦ,
1301 501 1367 542 καὶ
1403 502 1457 549 εἲς
1482 498 1724 557 ὀχυρώματα

305 567 380 609 εἴτε
409 567 582 623 κάστρον
615 567 868 609 ἀποστέλλων
876 599 890 619 ,
929 569 962 608 εἲ
987 565 1088 622 τύχῃ
1106 569 1287 621 πλησίον.
1334 568 1368 609 εἰ
1394 567 1438 609 δὲ
1455 566 1636 620 ποταμὸς
1654 566 1726 608 οὐκ

274 634 417 676 Οἴστιν
438 634 530 676 οὐδὲ
550 635 751 690 δυσχωρία
770 634 810 674 ἐν
838 637 888 689 τῇ
909 631 989 690 ὅδῷ
1001 666 1014 686 ,
1050 635 1116 674 καὶ
1143 631 1335 682 ὡσαύτως
1352 635 1416 675 δεῖ
1427 632 1570 691 μικρόν
1589 651 1627 676 τι
1646 651 1726 675 πα-

306 699 660 756 ραβουλεύσασθαι
678 702 743 742 καὶ
760 700 861 756 πρὸς
879 698 1011 754 μάχην
1029 698 1201 755 ὁρμῆσαι
1208 732 1222 752 ,
1261 701 1334 749 ἕως
1353 695 1399 742 οἷ)
1419 703 1485 743 καὶ
1503 702 1727 756 ἐπιδιωχθῇ

305 768 408 823 παρ’
432 768 564 809 αὐτῶν
581 772 630 823 τῇ
651 767 784 809 νυκτί·
814 768 883 808 ἵνα
902 765 1223 822 διαγινώσκοντες
1242 772 1383 822 σαφῶς
1403 768 1442 810 οἱ
1458 768 1637 821 πολέμιοι
1655 767 1727 809 τὸν

305 834 531 889 στρατηγὸν
550 835 924 884 ἐπακολουθοῦντα,
962 838 1207 886 συσταλῶσι,
1245 836 1310 875 καὶ
1326 836 1524 888 μηδαμῶς
1545 832 1723 883 ἐξελάσαι
1735 846 1762 880 1⁴

303 899 558 954 τολμήσωσι,
605 902 671 942 καὶ
706 900 779 954 τὴν
819 901 997 942 ἐπίθεσιν
1035 900 1138 942 κατὰ
1173 904 1254 942 τῶν
1278 903 1437 957 χωρίων
1465 900 1721 956 ποιήσωνται.
1767 921 1768 939 ¹

304 969 372 1008 καὶ
388 965 531 1008 τούτου
550 967 758 1022 γενομένου
765 999 780 1019 ,
815 971 887 1021 τῆς
904 965 1124 1021 μελλούσης
1140 968 1325 1022 γενέσθαι
1343 969 1562 1024 ἐπιδρομῆς
1581 969 1622 1010 ἐν
1640 975 1724 1017 τοῖς

303 1035 463 1089 χωρίοις
483 1035 548 1075 καὶ
574 1034 844 1087 αῗχμαλωσίας
865 1031 1025 1089 ῥύσεται
1051 1034 1220 1086 αὐτοὺς,
1257 1036 1322 1076 καὶ
1341 1034 1607 1090 ἐλευθερώσει.
1651 1052 1724 1088 με-

303 1100 357 1140 τὰ
377 1104 527 1154 πολλῆς
547 1101 590 1142 δὲ
617 1101 816 1156 ἀκριβείας
839 1102 904 1142 καὶ
925 1101 1170 1154 διασκέψεως
1197 1103 1355 1144 ποιείτω
1381 1102 1454 1156 τὴν
1480 1102 1638 1152 ἔνδειξιν
1659 1104 1724 1143 καὶ

304 1166 399 1207 κατ’
430 1167 562 1208 αὐτῶν
585 1167 838 1222 προσβολὴν,
877 1167 935 1208 δι’
966 1167 1105 1223 ὀλίγων
1133 1169 1199 1209 καὶ
1227 1170 1437 1221 ἐκλεκτῶν,
1476 1167 1530 1218 ὥς
1558 1168 1719 1225 ἔφημεν,
1734 1183 1768 1218 12

267 1233 471 1285 Βῖππέων,
509 1235 573 1274 καὶ
590 1234 740 1283 εὐθέως
754 1232 1147 1290 ὗποστρεςτὲσθωσαν
1164 1233 1373 1291 φεύγοντες
1392 1235 1492 1290 πρὸς
1509 1235 1580 1277 τὸν
1598 1251 1725 1292 στρα-

301 1300 423 1353 τηγὸν
449 1301 514 1340 καὶ
531 1300 578 1342 τὸ
600 1299 788 1355 ὀχύρωμα
797 1333 811 1351 ,
849 1302 913 1342 καὶ
931 1301 987 1354 μὴ
1009 1301 1189 1356 ἀμέτρως
1206 1303 1272 1342 καὶ
1293 1301 1403 1357 παρὰ
1427 1302 1472 1343 τὸ
1493 1302 1583 1343 δέον
1601 1303 1722 1358 ἐφορ-

301 1364 495 1419 μοῖτωσαν
517 1358 617 1408 κατὰ
638 1371 718 1408 τῶν
739 1367 910 1422 ἐχθρῶν.
954 1371 1053 1408 λαοῦ
1071 1368 1147 1423 γὰρ
1166 1367 1262 1416 ἴσως
1278 1368 1389 1423 παρὰ
1405 1368 1478 1421 τὴν
1496 1368 1630 1410 αὐτῶν
1650 1367 1723 1410 δύ-

301 1449 421 1486 ναμιν
438 1433 573 1481 αὐτοῖς
587 1433 950 1489 ἐπιφορτισθὲντος,
962 1435 1150 1486 πολεμίας
1163 1433 1296 1489 χειρὸς
1315 1439 1470 1476 θᾶττον
1488 1433 1719 1489 γενήσονται

301 1498 579 1555 παρανάλωμα
593 1513 605 1522 ⁰
637 1501 702 1540 καὶ
719 1498 907 1552 μάλιστα,
933 1502 965 1541 εἷ
984 1499 1083 1555 τύχῃ
1103 1501 1347 1555 πανσέληνον
1369 1499 1466 1558 εἶναι
1486 1502 1558 1555 τὴν
1579 1500 1714 1544 νύκτα.
1727 1513 1768 1547 20

91 1574 160 1606 Fol.
180 1574 246 1608 388
265 1585 297 1608 v.
307 1568 340 1607 εἲ
362 1567 405 1607 δὲ
428 1564 598 1621 ἀφεγγής
624 1566 706 1607 ἐστι
732 1567 797 1607 καὶ
818 1565 1024 1624 ζοφώδης,
1061 1567 1251 1620 ἀβλαβῶς
1277 1568 1350 1621 τὴν
1372 1566 1560 1622 τοιαύτην
1577 1571 1721 1624 πρᾶξιν

304 1631 560 1687 ἐργάσονται,
598 1634 662 1673 καὶ
685 1634 795 1674 δυοῖν
823 1631 997 1689 θάτερον
1027 1631 1185 1682 πάντως
1213 1641 1368 1689 φανεῖεν
1386 1633 1719 1690 κατωρθωκότες·

303 1698 329 1752 ’ἢ
349 1698 534 1753 μηδόλως
552 1697 728 1747 ἐξελάσαι
748 1698 846 1755 πρὸς
864 1701 969 1741 λείαν
987 1700 1081 1748 τοὺς
1103 1702 1313 1753 πολεμίους
1333 1700 1718 1757 παρασκευάσαντες,

304 1765 356 1819 ἢ,
394 1766 499 1822 εἴπερ
529 1768 594 1807 καὶ
624 1765 724 1814 ὅλως
756 1764 1024 1821 ἐκδράμωσιν,
1062 1765 1152 1822 ἄχρι
1182 1771 1254 1808 τοῦ
1283 1766 1454 1821 αὐγάσαι
1477 1768 1550 1821 τὴν
1569 1766 1722 1824 ἡμέραν

395 1851 429 1883 8.
459 1847 673 1895 ἐπιδιωχθῇ]
722 1850 890 1884 Insectarc
918 1853 957 1884 ut
992 1850 1135 1885 activum
1165 1850 1322 1892 adhibui,
1350 1850 1462 1885 Plauti
1488 1851 1720 1886 auctoritatem

395 1899 540 1928 secutus.

305 1960 341 1993 in
363 1959 510 1993 ultimum
541 1972 659 2005 agmen
681 1961 845 1997 immittat.
893 1960 1070 2006 Ipsumque
1096 1960 1213 1995 ducem
1238 1962 1376 2006 propius
1400 1962 1561 1996 accedere
1584 1962 1719 2006 expedit

304 2015 378 2037 cum
404 2006 603 2047 praefectis,
626 2007 722 2040 lectis
748 2007 813 2039 illis
831 2006 962 2050 quidem
986 2012 1021 2039 et
1049 2007 1160 2051 probis
1189 2007 1282 2050 equis
1297 2006 1532 2047 insidentibus,
1554 2018 1655 2050 seque
1682 2007 1718 2040 in

304 2055 515 2091 conspectum
530 2050 609 2084 dare
632 2052 774 2084 hostium
785 2076 795 2092 ‚
819 2056 854 2085 et
874 2052 918 2085 ad
933 2051 1173 2084 dimicationem
1191 2051 1353 2084 adversus
1372 2051 1445 2084 illos
1459 2047 1496 2085 se
1513 2062 1717 2096 comparare,

304 2093 444 2137 perinde
470 2095 565 2138 quasi
592 2095 721 2130 iamiam
738 2100 828 2129 esset
847 2096 1007 2140 praelium
1033 2096 1275 2129 commissurus:
1299 2095 1471 2139 equisones
1488 2099 1598 2129 autem
1614 2101 1718 2140 atque

305 2138 517 2181 pabulatores
540 2138 709 2183 disiungat
733 2151 754 2173 a
773 2153 828 2181 se,
851 2141 951 2185 inque
968 2141 1041 2173 loca
1059 2140 1184 2173 munita
1203 2140 1257 2173 vel
1272 2139 1306 2172 in
1324 2139 1479 2183 oppidum
1495 2141 1665 2181 amandet,
1687 2141 1718 2174 si

304 2182 393 2214 forte
422 2183 543 2216 subest.
590 2185 650 2217 Sin
673 2185 794 2218 flumen
810 2196 874 2218 non
892 2185 991 2218 estin
1007 2185 1149 2224 itinere,
1171 2195 1280 2228 neque
1296 2184 1477 2217 difficultas
1494 2184 1641 2225 viarum,
1664 2184 1718 2217 ni-

303 2225 478 2259 hilominus
502 2233 633 2271 oportet
656 2230 779 2262 audere
801 2229 1055 2274 aliquantulum,
1078 2229 1331 2272 comminatique
1346 2228 1521 2272 impetum,
1545 2230 1652 2263 donec
1673 2230 1718 2262 ab

304 2269 358 2303 his
382 2276 479 2304 nocte
508 2273 563 2304 vel
584 2273 785 2306 insectetur:
810 2280 849 2307 ut
866 2276 978 2307 hostes
994 2273 1051 2306 ubi
1070 2273 1240 2317 praeclare
1256 2273 1491 2307 intellexerunt
1508 2274 1624 2307 ducem
1639 2274 1719 2307 sub-

304 2315 420 2359 sequi,
440 2316 527 2359 pleni
555 2317 736 2350 formidinis
753 2330 861 2362 neque
880 2318 1009 2362 longius
1030 2318 1188 2361 progredi
1211 2329 1317 2361 neque
1337 2318 1371 2351 in
1390 2319 1483 2352 vicos
1499 2318 1716 2352 incursionem

305 2359 418 2393 facere
439 2361 590 2394 audeant.
633 2362 672 2394 Id
700 2362 729 2395 si
752 2363 894 2403 accidit,
918 2365 960 2396 ab
979 2362 1156 2395 imminenti
1186 2363 1357 2396 invasione
1373 2363 1484 2404 vicos,
1508 2375 1529 2396 a
1553 2363 1716 2396 servitute

305 2415 383 2437 suos
398 2403 583 2438 vindicabit
596 2405 674 2446 dux,
693 2410 728 2439 et
743 2407 909 2441 liberabit.
935 2407 1200 2440 ostentationem
1216 2412 1322 2440 autem
1340 2411 1375 2440 et
1389 2407 1715 2451 impreseionemcum

305 2448 481 2492 diligentia
503 2455 604 2494 atque
619 2451 829 2494 providentia
852 2463 970 2495 magna
986 2452 1108 2494 faciat,
1131 2463 1193 2495 per
1212 2463 1336 2496 paucos
1351 2457 1387 2485 et
1401 2452 1523 2492 lectos,
1546 2455 1586 2484 ut
1600 2449 1715 2483 docui-

306 2503 396 2533 mus,
417 2494 565 2538 equites,
597 2494 653 2538 qui
678 2495 780 2529 celeri
801 2496 881 2539 fuga
908 2495 950 2528 ad
964 2496 1092 2528 ‘ducem
1119 2496 1292 2540 locumque
1316 2496 1470 2530 munitum
1492 2497 1715 2534 revertantur,

307 2549 415 2581 neque
439 2539 544 2573 effuse
569 2542 606 2572 et
627 2539 703 2583 plue
726 2550 822 2582 quun
839 2540 957 2577 attinet
972 2540 1007 2572 in
1025 2541 1151 2574 hostem
1171 2547 1279 2574 ruant.
1325 2541 1414 2574 Nam
1430 2539 1526 2584 copia
1543 2549 1605 2583 pro
1622 2538 1714 2581 ipso-

305 2592 377 2615 rum
400 2583 527 2616 viribus
555 2583 651 2616 nimis
667 2595 788 2628 magna
806 2585 1025 2623 incumbente,
1048 2585 1114 2617 cito
1129 2586 1273 2618 fortasse
1296 2584 1427 2619 hostilis
1450 2594 1562 2617 manus
1589 2582 1716 2626 praeda
1764 2625 1768 2629 ι

307 2626 405 2659 fient:
427 2627 529 2671 idque
551 2627 708 2670 maxime,
731 2627 761 2660 si
783 2628 907 2661 accidit
933 2634 971 2661 ut
997 2629 1042 2661 sit
1054 2629 1131 2663 luna
1145 2641 1284 2674 pernox.
1331 2630 1378 2663 At
1400 2628 1431 2661 si
1449 2638 1514 2660 nox
1532 2627 1646 2660 illunis
1663 2630 1716 2660 est

307 2672 343 2701 et
361 2672 511 2713 obscura,
532 2672 604 2706 sine
619 2672 685 2705 ullo
700 2673 900 2706 incommodo
916 2684 975 2705 suo
988 2685 1055 2706 rem
1073 2674 1256 2718 perficient,
1280 2685 1365 2718 eque
1380 2672 1505 2706 duabus
1517 2672 1617 2704 rebus
1632 2671 1716 2704 alte-

306 2724 376 2747 ram
396 2721 488 2750 certe
501 2716 715 2752 obtinebuntz
737 2720 796 2752 aut
811 2717 896 2752 enim
911 2717 1078 2760 efficient,
1101 2722 1138 2752 ut
1164 2719 1276 2752 hostes
1294 2717 1422 2753 omnino
1443 2715 1638 2762 praedatum
1651 2726 1715 2749 non
1763 2721 1768 2765 ζ
