1754 2996
292 128 392 178 480
714 138 763 182 C.
790 139 838 182 Β.
867 137 1018 182 HASH
1044 138 1264 183 NOTAE.

291 255 428 293 gressu
453 243 662 295 quaerend.
693 243 802 282 erud.
828 248 926 293 grat.
957 243 1052 285 337.
1085 242 1131 282 G.
1161 243 1220 283 De
1242 257 1368 285 somn.
1391 243 1488 291 444.
1515 245 1560 289 Β.
1579 247 1635 287 De
1651 246 1736 287 vita

290 299 390 340 Mos·
409 299 502 342 493.
525 300 569 338 D.
596 300 690 343 494.
710 301 753 340 F.
774 300 946 350 alibique
964 312 1091 351 saepe.

403 354 508 395 Ibid.
525 357 610 398 lin.
644 360 707 398 16.
737 356 794 403 εἰς
814 351 1003 406 ἑξήκοντα
1028 350 1220 407 χιλιάδας]
1249 355 1457 409 Perpernm
1473 357 1578 410 Pagi
1586 358 1651 398 [V.
1658 337 1735 402 28

293 411 335 448 C.
353 419 392 449 et
416 425 468 450 ex
495 412 566 450 illo
599 412 851 451 Schloezerus
874 411 1028 450 Nestor.
1060 411 1103 453 V.
1131 415 1222 454 160.
1243 413 1286 452 C.
1305 411 1641 467 ‹ld-septuaginta
1655 414 1736 452 lw-

289 469 446 505 minum
478 469 623 506 millia.

403 523 504 562 Ibid.
534 525 604 563 lin.
637 526 701 566 18.
729 520 833 571 τινὲς
851 519 1064 579 παραβόλῳ
1089 518 1215 580 τόλμῃ
1237 521 1619 591 waooenoovoypevot]
1646 525 1735 564 Hoc

289 586 586 618 antecursorum
605 580 796 632 piaelium
817 579 908 618 vide
930 594 979 618 an
1002 565 1201 618 diversum‘
1219 581 1271 618 sit
1288 581 1335 618 ab
1354 582 1472 632 illo,
1458 596 1503 622 111
1519 596 1598 635 quo
1620 582 1734 622 Cedr.

290 636 337 674 Π.
365 640 459 678 674.
482 637 525 677 D.
544 639 738 674 Romanos
758 635 963 686 magnifice
981 636 1121 674 vicisse
1139 636 1289 675 scribit.

163 724 173 732 .
218 697 264 735 42
398 694 504 743 I’.ag
537 693 629 735 140.
653 693 725 730 lin.
758 692 796 733 4.
826 694 1133 740 κατασπαθίζειν
1151 689 1316 740 τούτους
1338 691 1611 746 προσέταττεν]
1640 693 1736 733 Ver-

287 748 380 786 bum
411 750 691 796 κατασπαθίζω
719 761 837 798 supra
867 761 1019 799 quoque
1059 748 1219 786 obvium
1234 749 1312 791 54.
1341 749 1386 786 B.
1414 750 1481 792 84.
1515 752 1556 788 C.
1574 763 1656 788 non
1675 756 1736 788 est

287 804 327 841 in
347 805 514 845 Lexicis.
556 805 683 843 Huius
703 803 948 855 primitivum
971 807 1164 854 σπαθίζω,
1181 803 1328 855 gladio
1345 804 1479 855 caedo,
1510 806 1559 844 de
1578 819 1655 857 quo
1674 819 1735 844 re-

290 867 352 899 cte
382 861 535 899 dubitat
563 861 842 909 Schneiderus,
864 874 914 897 an
934 860 977 897 in
994 860 1258 912 scriptoribus
1279 861 1459 912 probatis
1473 868 1670 911 occurrat,
1689 862 1735 900 in

291 917 532 955 Glossa1ium
564 917 784 967 Ducangius
812 917 949 954 retulit
973 916 1022 957 ΙΙ.
1053 916 1172 959 1415.
1207 917 1249 954 B.
1275 930 1323 954 ex
1340 917 1518 956 Gilberto
1538 918 1734 957 Gaulmin.

289 973 383 1015 485.
404 974 447 1011 B.
468 974 519 1010 ad
537 973 729 1011 Theodor.
751 971 888 1011 Prodr.
912 973 964 1009 De
986 973 1184 1010 amoribus
1203 972 1430 1011 Rhodanth.
1455 972 1523 1016 45.
1548 975 1589 1015 C.
1608 974 1734 1023 (conf.

286 1042 448 1080 quoque
470 1032 562 1072 106.
586 1030 627 1067 C.
650 1036 689 1066 et
709 1032 801 1071 221.
825 1026 888 1078 Α.)
913 1029 979 1066 sed
1003 1029 1086 1066 sine
1101 1029 1310 1080 exemplis,
1336 1043 1457 1081 quae
1450 1027 1518 1068 hic
1534 1036 1736 1100 utcunque

288 1085 489 1136 supplebo.
523 1085 723 1123 ..Achmet
755 1084 935 1122 Oni1om
958 1087 1023 1126 81.
1043 1086 1082 1123 C.
1104 1085 1335 1137 ἐσπαθίσθη
1359 1084 1614 1141 ἒμπροσθίως
1633 1082 1735 1140 παρ’

289 1137 527 1194 α’γνωρίμου.
558 1143 623 1184 82.
645 1143 689 1179 Α.
709 1141 939 1192 ἐσπαθίσθη
959 1138 1055 1192 πρὸς
1073 1138 1266 1189 θάνατον,
1283 1141 1534 1193 gladiosuit
1554 1136 1614 1180 ad
1628 1156 1736 1179 mor-

289 1204 365 1234 tem
386 1198 629 1235 1··.1clne1atus
662 1197 761 1235 Male
783 1210 897 1248 ceper
901 1203 971 1234 unt
990 1198 1222 1262 iateque-tes
1233 1198 1424 1249 Menolog.
1443 1198 1580 1239 Graec.
1601 1211 1735 1236 mense

287 1253 390 1291 Maio
407 1254 437 1291 Ι.
461 1254 553 1295 745.
572 1254 613 1292 F.
637 1254 730 1295 746.
749 1252 795 1291 A.
813 1266 883 1291 ver
886 1259 1031 1303 tentes,
1060 1255 1191 1305 virgis
1201 1254 1439 1305 palmarum
1457 1253 1590 1292 caedo.
1646 1254 1734 1294 Vo-

289 1310 428 1347 cabula
452 1310 625 1347 derivata
651 1312 821 1360 itemque
842 1324 863 1346 a
888 1309 1085 1360 Ducangio
1110 1310 1383 1361 praetermissa
1413 1316 1522 1349 sunt:
1553 1307 1610 1364 1.)
1631 1322 1739 1350 Gna--

286 1363 446 1417 θισμός,
467 1367 614 1403 iterata
633 1379 724 1402 cam
739 1364 882 1416 gladio
891 1369 1112 1416 percussio,
1131 1367 1236 1416 quod
1249 1365 1510 1404 schneiderus
1530 1366 1624 1404 item
1635 1366 1731 1408 414.

289 1422 330 1459 C.
350 1422 488 1459 dubiae
512 1422 755 1459 auctorilatis
778 1435 859 1459 esse
879 1428 1019 1459 censet.
1075 1421 1252 1462 Achmet.
1276 1421 1457 1460 Ouirocr.
1480 1424 1544 1465 82.
1571 1422 1612 1462 A.
1629 1419 1731 1462 κατοέ

245 1476 328 1519 Βτό
343 1481 501 1530 πλῆθος
521 1481 595 1517 τοῦ
615 1480 844 1528 σπαθισμοῦ
865 1473 1153 1529 ἅγαθοποιήσει
1173 1474 1296 1518 αὐτόν
1313 1473 1502 1530 μεγάλως.
1547 1476 1604 1530 2.)
1626 1490 1731 1518 σπα-

283 1533 380 1582 θιοῖ,
412 1536 517 1571 ictas
533 1533 682 1585 gladii.
741 1530 996 1584 Theophanes
1020 1533 1234 1584 chronogr.
1256 1537 1350 1576 266.
1366 1534 1411 1572 Β.
1440 1532 1587 1581 πολλᾶς
1606 1532 1732 1575 δὲκαὶ

284 1590 463 1638 σπαθὲας
495 1586 745 1642 [1.σπαθιας]
777 1589 820 1629 ἐν
850 1592 899 1644 τῇ
921 1587 1013 1639 ὄψει
1036 1586 1158 1630 αὐτοῦ
1182 1589 1332 1641 ἔλαβεν.
1390 1590 1495 1627 Goar
1512 1596 1641 1639 recte,
1665 1591 1729 1627 in-

270 1648 407 1699 flictis
427 1648 544 1684 etiam
567 1645 626 1683 ad
643 1653 762 1696 caput
783 1645 908 1682 crehr
892 1646 1047 1682 loribus
1068 1648 1223 1683 ens-ium
1237 1646 1404 1697 plagis:
1434 1658 1729 1698 perperamque,

284 1705 447 1754 opinor
492 1703 709 1753 Ducaugius
749 1708 878 1739 totum
910 1701 1017 1740 hunc
1045 1703 1180 1739 locum
1214 1703 1263 1740 ad
1292 1716 1430 1740 vocem
1455 1701 1624 1742 Σπαθέα
1649 1702 1729 1745 col.

284 1760 404 1802 1416.
424 1758 618 1808 mfereim,
647 1759 828 1796 Heraclio
850 1758 947 1809 Imp.
972 1759 1015 1796 in
1042 1759 1169 1796 medio
1191 1759 1339 1810 praelio
1360 1773 1380 1796 a
1403 1758 1523 1796 Persis
1545 1758 1635 1796 vult
1653 1759 1729 1795 ba—

284 1816 386 1853 cillis
405 1816 504 1853 ictus
525 1829 605 1853 esse
619 1815 803 1853 inflictos.
853 1815 987 1865 Neque
1009 1815 1174 1853 melius*
1164 1829 1205 1852 1η
1223 1815 1322 1852 locis
1343 1814 1521 1854 Achmet.
1546 1813 1728 1852 Ouirocr.

283 1873 348 1913 82
382 1873 423 1911 A.
457 1872 571 1923 ἔλαβε
602 1867 730 1925 δούλῳ
757 1872 955 1910 σπαθείαν
986 1872 1027 1922 [l.
1050 1866 1257 1921 σπαθιοῖν].
1277 1871 1323 1910 Β.
1354 1868 1465 1922 Γυνὴ
1488 1866 1558 1910 {viv
1579 1866 1692 1920 ἰ’ὁ“η”’
1666 1884 1729 1915 οτι

284 1925 397 1978 ἔλαβε
417 1930 593 1967 σπαθὶαν
614 1922 895 1978 [1.σπαθιαν]·
928 1933 964 1964 et
985 1930 1078 1970 233.
1098 1927 1144 1967 A.
1165 1926 1284 1967 ἔδωκέ
1302 1942 1390 1966 τινα
1406 1925 1588 1968 σπαθέαν
1630 1926 1654 1966 f.
1674 1941 1729 1965 τι-

282 1997 324 2020 νι
356 1981 550 2033 σπαθιοῖν]
582 1983 853 2034 vapulationes
875 1983 1220 2046 fustigatipuesque
1238 1983 1328 2020 vult
1352 1982 1542 2031 intelligi.
1570 1994 1729 2020 sensum

281 2051 350 2074 ver
355 2051 432 2084 11111,
462 2041 565 2076 ictas·
583 2039 743 2090 gladii,
774 2045 812 2076 et
837 2039 1056 2088 Rigaltius
1046 2053 1121 2076 lam
1137 2040 1180 2075 iu
1196 2039 1376 2077 versione
1397 2043 1658 2105 expresserat,
1688 2042 1728 2075 et

280 2092 324 2130 in
342 2094 478 2131 ultimo
504 2095 593 2132 loco
618 2096 787 2146 probant
807 2108 905 2145 quae
921 2096 1224 2144 subsequuntur,
1254 2094 1323 2133 Εἰ
1329 2092 1372 2134 δὲ
1390 2089 1502 2148 ἰ’δῃ”’
1477 2108 1538 2133 οτι
1555 2107 1630 2132 ουκ
1648 2092 1728 2133 ἔστι

249 2147 403 2200 Οτομή.
463 2150 635 2201 Denique
670 2149 892 2202 σπαθιστηρ
929 2151 1152 2202 appellatur
1174 2149 1368 2201 Epiphan.
1403 2150 1458 2187 De
1487 2161 1657 2189 mensur.
1687 2154 1728 2186 et

280 2205 475 2257 p011d.11.
511 2210 602 2248 172.
635 2207 676 2246 C.
707 2207 1011 2244 instrumentum
1040 2207 1118 2244 feri
1121 2220 1230 2254 eum,
1232 2219 1339 2256 quo
1368 2205 1575 2244 utebantur
1593 2203 1727 2242 Iudaei

282 2262 497 2299 desertores
528 2262 570 2298 in
598 2263 840 2313 ieparatione
871 2263 985 2301 recisi
1010 2262 1227 2313 praeputii,
1255 2261 1368 2317 τέχιῃ
1388 2260 1466 2301 τινὶ
1488 2261 1649 2329 ἰατρικῇ
1658 2257 1726 2300 Bao?

279 2320 352 2357 τοῦ
379 2317 621 2368 καλουμένου
651 2321 923 2371 σπαθιστῆρος
947 2315 1022 2369 τήν
1048 2321 1127 2357 τῶν
1159 2321 1285 2369 μελῶν
1311 2303 1604 2368 ύποδερματίδα
1619 2314 1726 2355 ἐἷπο-

282 2372 592 2422 σπαθισθέντες,
621 2373 810 2424 ῥαφὲντες
825 2390 885 2423 τε,
914 2374 982 2413 καὶ
1000 2377 1241 2425 κολλητικοῖς
1258 2372 1589 2426 περιοδευθὲντες.
1646 2370 1726 2408 Ubi

279 2430 451 2481 primum
470 2436 822 2477 moneo‚ext1ema
842 2430 961 2468 verba
982 2444 1003 2466 a
1024 2430 1177 2467 petavio
1197 2430 1324 2469 minus
1345 2431 1441 2468 bene
1461 2428 1612 2466 reddita
1627 2427 1726 2479 gla-

274 2487 364 2522 tino
389 2488 537 2523 circum
556 2484 827 2536 adstringunt,
851 2486 951 2523 verti
969 2486 1156 2534 debuisse,
1171 2487 1333 2536 glutino
1355 2491 1509 2524 curant.
1555 2483 1602 2521 Id
1620 2483 1726 2520 enim

279 2542 414 2580 valere
441 2537 685 2592 περιοδεύων
711 2542 814 2592 apud
833 2541 987 2592 scriptt.
1007 2542 1154 2579 saeculi
1173 2543 1239 2582 ΠΙ,
1262 2549 1299 2580 et
1320 2542 1527 2591 deinceps,
1557 2539 1725 2586 demon-

278 2598 403 2636 stravi
426 2598 474 2635 ad
494 2597 750 2635 Timarionem
771 2597 911 2635 Notitt.
933 2597 1022 2635 Mss.
1039 2598 1137 2634 Bibl.
1158 2600 1247 2648 Reg.
1269 2599 1340 2637 IX.
1358 2600 1453 2640 217.
1481 2596 1526 2632 A.
1576 2593 1724 2632 Deinde

280 2656 551 2705 σπαθιστῆρος
579 2654 625 2691 ab
654 2653 952 2704 interpretibus,
983 2667 1148 2702 quorum
1166 2655 1273 2692 locos
1301 2652 1458 2702 collegit
1477 2649 1724 2689 Schleusner.

274 2709 373 2747 Lex.
398 2710 443 2747 N.
463 2710 564 2747 Test.
582 2711 610 2750 Ι.
631 2712 723 2752 876.
742 2711 783 2747 C.
795 2709 909 2746 video
928 2715 1117 2746 mutatum
1139 2724 1219 2747 esse
1235 2711 1280 2747 in
1298 2710 1590 2758 σπασθητῆρος,
1611 2705 1724 2758 quasi
1752 2720 1754 2722 ·

279 2778 301 2801 a
331 2761 446 2805 σπάω
475 2766 732 2805 derivaretur.
787 2764 944 2804 Atenim
967 2765 1273 2805 instrumentum
1302 2764 1427 2815 illud,
1455 2777 1537 2802 non
1554 2764 1606 2803 ad
1620 2775 1724 2816 pro-
