1760 3034
501 161 686 207 INDEX
706 161 1050 208 EDITIONUM.
1398 150 1500 201 525

57 263 224 311 Tarum
241 268 393 322 Assyrii
407 268 546 308 Oratio
573 269 623 307 ad
649 267 838 316 Graecos,
866 268 973 318 quod
989 267 1092 306 nihil
1112 279 1251 306 eorum
1266 265 1500 315 studiorum,

112 327 255 378 quibus
275 326 414 365 Graeci
432 325 664 376 gloriantur,
693 324 801 376 apud
826 324 932 375 ipsos
954 331 1102 372 natum,
1131 323 1199 362 sed
1218 322 1348 360 omnia
1367 337 1390 360 a
1407 322 1501 360 har-

109 383 216 422 baris
246 383 408 421 inventa
426 383 527 420 sint:
556 382 608 420 ad
627 381 773 420 calcem
794 381 835 420 S.
850 380 993 418 tustini
1013 379 1207 431 martyris.
1234 379 1362 416 Lutet.
1380 378 1499 419 Parii.

112 439 231 482 1615.
256 439 341 477 Fol.

55 507 266 545 Tmussn
281 506 430 544 abbatis
451 505 659 544 Centuriae
678 505 727 544 de
750 505 939 544 charitate
961 509 1000 542 et
1017 503 1269 552 continentia,
1296 503 1340 541 in
1356 503 1503 541 Biblio-

110 562 225 600 theca
251 563 413 601 Patrum
434 562 758 613 graeco-latina,
787 569 883 600 tom.
906 561 954 601 Π.
981 559 1160 609 Parisiis,
1191 561 1313 603 1624.
1332 560 1419 598 Ful.

55 631 347 670 Turum-rocus
373 629 592 682 Epistolae‚
619 630 836 682 interprete
860 629 994 668 loann.
1019 626 1215 667 matthaeo
1245 627 1500 680 Caryophilo.

108 688 267 736 Romae,
297 690 416 730 1626.
438 686 479 728 4.

53 755 315 853 Tnpnonegri
349 754 480 806 Opera
511 759 572 792 etc
574 782 746 795 .....
775 752 870 792 edit.
898 752 932 793 Ι.
966 751 1015 792 Δ.
1042 724 1228 791 Noesselt.
1260 750 1384 790 Halae
1409 752 1503 790 Sax.

112 815 136 854 1
170 815 233 853 71.
289 839 299 848 .

55 879 313 917 Tmononn’rx
338 877 511 929 episcopi
542 877 635 928 Cyri
661 875 835 915 Historia
862 875 1135 915 ecclesiastica.
1170 875 1364 914 Henricus
1381 875 1504 914 Vale-

110 934 190 972 sius
208 946 346 984 graeca
363 933 607 979 emendavit,
634 933 756 972 latine
776 932 900 973 vertit
917 938 958 972 et
981 931 1299 971 annotationibus
1327 932 1504 971 illustra-

110 991 183 1030 vit.
211 988 387 1039 Parisiis,
418 991 541 1032 1673.
570 989 656 1028 Fol.

54 1059 264 1097 Tru-:onom
295 1055 498 1095 Abucarae
528 1057 749 1109 opuscula,
778 1057 828 1096 ad
860 1057 1007 1095 calcem
1038 1055 1190 1105 Hodegi
1218 1055 1412 1094 Anastasii
1439 1055 1505 1093 si-

110 1117 242 1153 naitae
258 1112 363 1151 edita
386 1113 434 1150 ab
452 1113 596 1151 Iacobo
616 1114 812 1151 Gretsero.
839 1113 1091 1164 Ingolstadii‚
1123 1115 1242 1154 1606.
1270 1112 1310 1154 4.

55 1182 298 1220 Tnnononus
317 1178 474 1217 studita
491 1179 547 1217 De
563 1180 791 1219 inventione
811 1180 951 1232 capitis
968 1182 1006 1218 S.
1026 1179 1184 1218 Ioannis
1201 1178 1406 1218 Prodromi
1414 1207 1428 1227 ,
1458 1180 1505 1216 in

114 1237 224 1275 calce
251 1235 348 1273 libri
368 1237 642 1288 ,Ducangiani
670 1237 804 1274 'fraite
832 1235 1050 1287 histor-inme
1069 1236 1125 1274 du
1146 1235 1241 1274 chef
1263 1235 1311 1273 de
1332 1236 1370 1272 S.
1389 1235 1508 1272 Jean-

114 1293 303 1346 Baptiste,
332 1297 384 1341 et,
411 1306 485 1345 par
506 1292 712 1342 oocasion,
741 1292 808 1331 des
828 1298 957 1330 autres
973 1293 1145 1344 reliques
1164 1292 1220 1330 du
1236 1290 1362 1329 meme
1381 1290 1507 1330 saint.

113 1349 223 1388 Paris
229 1378 242 1398 ‚
272 1348 392 1390 1665.
411 1349 452 1390 4.

58 1417 262 1456 Τιιεουοτι
282 1415 464 1468 Epitome
483 1413 769 1454 adhortationis
788 1415 1014 1466 orientalis,
1036 1415 1086 1455 ad
1106 1415 1252 1453 calcem
1271 1415 1310 1453 S.
1330 1414 1506 1454 Clemen-

112 1473 165 1512 tis
194 1470 455 1512 Alexandrini
484 1471 574 1509 edit.
591 1471 710 1511 Paris.
737 1472 860 1515 1641.
879 1472 967 1510 Fol.

63 1538 121 1581 Τᾶ
148 1541 612 1580 ΘΕΟΛΟΓΟΤΜΕΝΑ
641 1541 716 1591 τῆς
740 1534 1029 1592 ἆρνθμητικῆς,
1058 1538 1164 1578 edita
1182 1538 1363 1588 Parisiis,
1399 1537 1507 1592 apud

114 1595 378 1634 Christianum
395 1593 647 1644 Wechelum,
678 1595 797 1638 1543.
819 1597 859 1638 4.

58 1665 310 1704 'summum
338 1661 510 1700 Ceramei
523 1691 535 1710 ,
574 1661 863 1713 archiepiscopi
888 1661 1225 1708 Tauromenitani,
1259 1661 1429 1699 Humilia
1460 1660 1506 1699 in

114 1719 327 1770 Evangelia
345 1717 599 1756 dominicalia
618 1723 658 1755 et
673 1718 771 1755 festa
791 1718 914 1756 totius
934 1719 1038 1768 anni,
1055 1731 1192 1769 graece
1209 1724 1248 1755 et
1262 1717 1398 1768 latine,
1415 1723 1505 1755 stu-

116 1776 183 1815 dio
199 1774 402 1814 francisci
428 1773 572 1812 Scorsi.
609 1773 785 1811 Lutetiae
805 1774 1063 1823 Parisiorum,
1095 1775 1215 1816 1644.
1234 1774 1319 1811 Fol.

58 1845 313 1883 Tnnorfflms
342 1840 626 1893 archiepiscopi
647 1840 807 1879 Nicaeni
825 1842 954 1893 Opera
973 1842 1122 1891 omnia,
1150 1841 1366 1893 interprete
1392 1840 1510 1879 Gon·

118 1901 227 1939 salvo
245 1900 376 1938 Ponce
402 1897 450 1936 de
467 1898 586 1935 Leon.
613 1897 773 1946 Romae,
808 1899 927 1941 1590.
949 1900 990 1940 8.

60 1967 277 2006 'ranorum
314 1963 561 2018 patriarchae
590 1963 827 2002 Antiocheni
859 1965 1003 2003 Contra
1031 1962 1273 2002 Christianae
1305 1962 1505 2014 religionis

118 2021 418 2062 calumniatores
450 2020 502 2058 ad
521 2020 760 2071 Autolycum
788 2021 882 2060 libri
914 2026 994 2059 tres
1003 2049 1016 2070 ‚
1044 2019 1095 2058 ad
1119 2019 1266 2059 calcem
1302 2020 1340 2058 S.
1359 2019 1504 2058 Iustini

116 2078 313 2130 martyris.
333 2078 463 2115 Lutet.
479 2076 601 2114 Paris.
625 2077 747 2119 1615.
767 2077 851 2115 Fol.

61 2147 371 2245 Tnegffisrlus
401 2145 458 2183 De
485 2143 651 2183 historia
675 2144 922 2196 plantarum,
951 2143 1043 2183 edit.
1061 2143 1205 2196 Stapel.
1226 2141 1503 2185 Amstelodam.

120 2206 141 2244 1
229 2231 238 2240 .
295 2215 317 2239 o
335 2229 347 2240 .

62 2268 372 2306 Tmzormcn
408 2267 695 2320 archiepiscopi
731 2266 935 2318 Bulgariae
963 2266 1184 2319 Epistola,
1224 2265 1319 2305 edit.
1346 2266 1506 2304 Ioannis

118 2323 291 2369 meursii,
319 2323 362 2361 in
383 2324 485 2376 Opp.
506 2325 640 2363 Ioann.
657 2324 818 2362 Meursii
837 2337 887 2362 ex
906 2322 1133 2363 recensione
1150 2323 1287 2361 Ioann.
1305 2322 1413 2361 Lami
1424 2321 1506 2360 vol.

40 2410 47 2419 .
118 2379 220 2418 VIII.
245 2379 484 2429 Florentiae,
515 2380 635 2423 1746.
654 2381 739 2419 Fol.

64 2446 285 2485 'sueonum
328 2445 554 2485 orthodoxi
593 2446 816 2499 Disputatio
855 2459 948 2484 cum
982 2443 1185 2484 catholico
1216 2443 1507 2491 Armeniorum,

121 2503 224 2541 edita
243 2515 333 2540 cum
346 2502 470 2541 latina
486 2502 666 2542 versione
686 2503 743 2543 Io.
761 2502 998 2542 Leunclavii.
1020 2502 1138 2542 Basil.
1162 2501 1284 2542 1578.
1300 2501 1338 2541 8-

64 2568 283 2619 Tmorum,
311 2569 531 2620 presbyteri
548 2569 902 2622 Hierosolymitani,
931 2569 988 2606 De
1005 2568 1185 2606 Simeone
1204 2564 1401 2617 propheta
1418 2577 1505 2602 ora-
1527 2564 1570 2601 P.
1591 2565 1662 2602 280

119 2625 177 2722 11ἰέ
175 2624 547 2724 2²4inI·'(1)3libliotheca
571 2625 733 2665 Patrum
758 2639 897 2677 graeco
918 2625 1103 2668 -latina,
1130 2628 1226 2660 tom.
1255 2620 1304 2658 11.
1331 2620 1502 2670 Parisiis,

64 2745 172 2794 Tm,
200 2746 430 2787 Rom-orum
447 2742 645 2801 episcopi,
663 2747 869 2800 Expositio
885 2746 927 2785 in
943 2742 1184 2796 evangelium
1203 2743 1347 2791 Lucae,
1373 2742 1416 2781 in
1436 2742 1501 2782 Bi-
