1748 3094
386 164 465 208 AD
492 163 866 208 NICEPHORUM
892 161 1147 208 PHOCAM.
1377 156 1475 202 367

56 269 130 309 tini
145 268 390 321 Impmtoria
406 267 485 306 huc
503 281 697 318 veneram,
726 281 808 306 non
822 266 1050 319 Episcopus,
1076 265 1144 304 sed
1162 264 1377 315 Diacomns,
1406 279 1479 305 nec
1506 270 1580 306 col.
1602 270 1624 305 2

57 336 104 374 ab
123 336 370 388 Imperatore,
399 342 466 373 aut
487 337 607 386 Rege,
637 335 705 372 sed
723 349 748 372 a
763 333 992 384 Berengario
1011 331 1234 371 Mar-chione
1247 332 1409 380 missus,
1440 339 1480 371 et

56 403 179 441 multo
207 403 322 455 plura
351 416 397 440 ac
422 402 650 454 pretiosiora
668 401 791 453 pallia
809 400 903 438 emi:
933 412 1029 451 quae
1049 412 1174 450 neque
1194 404 1377 447 scrutata,
1405 412 1479 438 nec

55 483 78 507 a
97 469 252 507 Graecis
270 468 375 514 visa,
403 482 474 506 nec
496 468 654 519 plumbo
674 474 770 506 sunt
789 467 951 517 signata.
1005 466 1138 515 Nunc,
1165 465 1243 503 Deo
1260 464 1479 515 miserante,

54 535 290 588 Episcopus,
318 542 357 574 et
378 549 400 572 a
419 534 631 585 Magnificis
649 534 951 586 Imperatoribus
967 534 1134 581 ottone,
1163 538 1203 570 et
1220 532 1385 580 Ottone,
1406 546 1479 584 pa—

52 608 126 651 tre,
155 609 194 640 et
210 602 291 640 filio
312 603 468 651 missus,
495 608 604 639 tanto
622 600 882 648 inhonestior,
911 607 955 637 ut
972 599 1246 638 veneticorum
1267 612 1374 638 more
1392 599 1479 651 pal·-

0 655 1 658 Ἰ
53 669 105 706 lia
127 683 210 708 mea
227 676 436 717 notentur,
466 674 504 706 et
530 680 627 719 quae
653 667 855 718 quantivis
883 666 996 718 pretii
1014 666 1214 713 videntur,
1242 667 1481 714 auferantur,

55 748 143 774 cum
162 736 204 773 in
222 736 415 774 Ecclesiae
435 734 531 773 mihi
554 734 774 772 commissae
795 746 893 771 usus
916 734 1104 772 serantur.
1159 733 1247 770 Non
1264 733 1391 771 taedet
1406 746 1478 771 vos

54 802 373 840 contumeliarum
398 814 590 850 mearum,
620 801 735 839 immo
768 799 1018 838 dominorum
1032 812 1237 847 meorum,
1269 799 1310 836 in
1340 799 1480 850 quibus

56 869 308 907 contemnor?
347 868 452 920 qnod
480 882 564 906 sum
603 867 800 905 custodiae
831 866 1025 912 traditus,
1059 866 1167 917 quod
1203 866 1302 904 same
1336 866 1480 917 sitique

54 934 270 983 cruciatus,
301 936 408 986 quod
438 948 519 972 non
548 934 597 971 ad
621 935 725 985 ipsos
752 932 924 972 redirem
946 931 1146 983 hucusque
1175 939 1374 982 retentus,
1402 933 1479 971 nisi

54 1000 169 1038 etiam
198 1001 248 1038 ad
284 1001 482 1039 cumulum
516 1000 715 1039 dedecoris
749 1012 881 1039 eorum
917 998 1088 1050 propriis
1126 999 1302 1051 expolier
1331 999 1478 1037 rebus?

54 1067 201 1105 auferte
222 1068 356 1106 saltem
369 1098 380 1117 ,
410 1068 522 1120 (quae
540 1076 631 1108 sunt
651 1074 796 1120 empta,
828 1063 1037 1116 dimittite)
1065 1078 1163 1115 quae
1188 1073 1280 1104 sunt
1301 1066 1403 1104 dono
1431 1066 1478 1104 ab

54 1132 187 1169 amicis
207 1133 360 1174 donata.
415 1136 715 1182 Constantinus,
744 1132 951 1183 inquiunt,
978 1132 1204 1183 Imperator,
1233 1132 1351 1171 homo
1366 1133 1478 1182 lenis,

52 1198 95 1235 in
114 1199 258 1250 palatio
280 1214 437 1238 manens
462 1209 671 1253 perpetuo,
699 1198 923 1238 huiusmodi
942 1198 1058 1235 rebus
1083 1199 1223 1237 amicas
1252 1200 1326 1237 sibi
1346 1200 1514 1238 natio-B

53 1278 121 1302 nes
136 1265 332 1304 effecerat:
359 1267 603 1319 Nicephorus
619 1277 712 1306 vero
725 1266 907 1312 Basileus,
922 1263 1040 1302 homo
1058 1263 1246 1318 ταχύχειρ,
1263 1266 1306 1304 id
1324 1273 1381 1305 est
1402 1268 1479 1305 mi-

50 1328 158 1369 litiae
178 1332 351 1382 deditus,
382 1335 571 1385 palatium
585 1364 596 1383 ,
627 1348 695 1372 ceu
715 1339 865 1385 pestem
889 1330 1094 1379 abhorret3
1124 1338 1163 1369 et
1182 1339 1348 1372 vocatur
1366 1348 1388 1371 a
1410 1347 1481 1372 no-

52 1397 112 1437 bis
138 1412 262 1451 prope
285 1399 496 1438 simultatis
516 1407 685 1449 amator,
714 1407 831 1451 atque
858 1405 1170 1449 argumentosus,
1202 1399 1268 1450 qui
1288 1413 1369 1438 non
1387 1414 1484 1452 pre-

51 1464 109 1502 tio
132 1465 207 1503 sibi
230 1472 363 1516 gentes
383 1467 542 1515 amicas,
572 1468 641 1505 sed
669 1474 818 1505 terrore
846 1472 886 1503 et
912 1465 1039 1514 gladio
1068 1466 1139 1503 sibi
1164 1467 1339 1505 subditas
1373 1467 1480 1507 facit.

51 1530 180 1582 Atque
199 1537 243 1569 ut
262 1545 495 1583 cognoscas,
523 1534 663 1585 quanti
686 1533 862 1571 dominos
884 1538 973 1569 tuos
995 1533 1115 1582 Reges
1132 1531 1361 1582 habeamus,
1383 1546 1482 1584 quae

54 1597 143 1635 data
169 1604 262 1636 sunt
293 1600 436 1638 coloris
455 1600 704 1647 huiusmodi,
731 1606 771 1638 et
798 1611 896 1650 quae
917 1604 1063 1649 empta,
1091 1599 1155 1637 via
1185 1599 1315 1638 eadem
1335 1600 1387 1638 ad
1407 1614 1479 1638 nos

51 1670 309 1703 revertentur.
362 1667 433 1704 His
462 1667 598 1716 dictis,
636 1674 753 1718 atque
787 1665 989 1716 completis
1016 1663 1320 1717 κρυσοβούλιον,
1357 1666 1401 1704 id
1421 1673 1516 1706 estc

54 1733 261 1784 epistolam
278 1748 374 1773 auro
402 1734 586 1785 scriptam
614 1741 653 1772 et
681 1734 869 1783 signatam
886 1731 983 1768 mihi
1003 1731 1212 1780 dederuut,
1240 1732 1354 1771 vobis
1375 1733 1479 1772 defe-

54 1800 236 1846 rendam,
265 1802 334 1840 sed
352 1814 434 1838 nou
453 1800 564 1838 vobis
586 1801 762 1851 diguam,
791 1805 839 1837 ut
861 1812 967 1837 mens
995 1798 1118 1835 credjt
1139 1811 1233 1839 mea.
1288 1800 1481 1840 Tulerunt

54 1873 184 1905 autem
211 1873 250 1905 et
267 1868 362 1906 alias
394 1868 525 1905 literas
554 1874 711 1916 argento
741 1867 926 1916 signatas,
957 1871 1071 1915 atque
1098 1865 1304 1903 dixerunt:
1332 1867 1479 1918 Papam

54 1940 231 1971 vestrum
256 1934 477 1986 Imperiales
501 1933 676 1984 recipere
701 1933 834 1970 literas
861 1931 1065 1981 indignum
1097 1944 1178 1969 esse
1205 1932 1474 1972 diiudicatum.

53 2000 176 2038 Mittit
205 2007 332 2039 autem
366 2001 426 2038 ini
455 2000 696 2051 Complates,
727 1999 974 2050 Imperatoris
1006 1999 1145 2046 frater,
1173 2012 1255 2037 non
1279 2013 1350 2052 per
1382 2013 1474 2039 suos

53 2079 243 2117 pauperes
263 2068 452 2115 nuncios,
481 2067 548 2104 sed
567 2080 637 2118 per
654 2072 692 2103 te
710 2065 911 2116 epistolam
931 2078 971 2102 se
997 2067 1088 2102 satis
1107 2065 1280 2115 dignam,
1305 2073 1372 2116 ut,
1397 2067 1478 2105 nisi

53 2132 270 2184 resipuerit,
289 2134 463 2171 funditus
480 2146 519 2170 se
537 2133 695 2183 periisse
713 2132 948 2182 cognoverit.
984 2131 1099 2168 Hanc
1120 2145 1209 2169 cum
1226 2133 1476 2184 accepissem,

3 2247 9 2251 .
53 2198 143 2243 vale
159 2197 257 2236 mihi
275 2199 464 2247 dicentes,
493 2199 745 2245 dimiserunt,
774 2198 908 2237 oscula
926 2199 1153 2249 praebentes
1179 2200 1271 2237 satis
1289 2200 1477 2249 iucunda,

54 2264 146 2301 satis
171 2264 361 2303 amabilia.
410 2265 487 2303 Sed
518 2266 611 2304 dum
642 2264 883 2313 recederem,
911 2264 1142 2314 legationem
1166 2265 1264 2304 mihi
1290 2281 1372 2305 non
1402 2279 1476 2318 me,

54 2330 123 2368 sed
146 2330 225 2367 illis
249 2331 340 2368 satis
363 2332 535 2381 dirigunt
554 2331 726 2382 dignam,
756 2331 907 2371 scilieet
932 2331 1039 2382 quod
1061 2331 1159 2369 mihi
1177 2333 1274 2383 soli,
1301 2334 1513 2383 meisquen

54 2409 173 2446 equos
196 2396 346 2435 darent.
402 2397 569 2435 sarcinis
595 2399 772 2437 nullum:
800 2397 934 2448 sicque
965 2398 1103 2447 nimis,
1130 2405 1177 2439 ut
1206 2413 1269 2438 res
1292 2399 1477 2450 poscebat

54 2463 246 2508 turbatus,
262 2458 466 2517 διασόσιῃ,
484 2464 527 2501 id
542 2471 598 2501 est
611 2465 768 2503 ductori
779 2478 876 2513 meo,
897 2464 1174 2516 quinquaginta
1192 2478 1400 2505 aureorum
1413 2476 1476 2502 res

54 2529 181 2579 pretio
207 2528 309 2566 dedi.
371 2528 423 2565 Et
446 2542 532 2566 cum
559 2544 639 2568 non
664 2531 864 2580 haberem,
893 2531 996 2581 quod
1022 2546 1095 2583 pro
1125 2531 1338 2571 malefactis
1361 2530 1475 2568 Nice-

54 2594 183 2645 phoro
203 2600 300 2632 tuuc
316 2594 537 2643 redderem,
564 2595 637 2634 hos
654 2597 696 2634 in
724 2598 870 2649 pariete
894 2598 1043 2638 invisae
1065 2600 1201 2638 domus
1230 2609 1340 2638 meae
1362 2601 1402 2634 et
1428 2595 1473 2633 ill

56 2672 186 2698 mensa
204 2661 331 2711 lignea
349 2660 562 2699 versiculos
579 2663 735 2714 scripsi:
