1748 3094
347 149 427 192 AD
454 148 826 193 NICEPHORUM
852 147 1102 192 PHOCAM.
1335 139 1431 187 345

16 268 90 309 per
112 260 311 309 potantes,
338 260 482 306 quanto
519 253 615 292 hinc
649 253 905 305 potentiores,
939 264 1090 304 semper
1115 248 1248 300 mite‘s,
1287 256 1433 303 quanto

7 321 114 372 ¹ltine
139 321 340 361 mitiores?
381 334 532 373 semper
564 320 779 359 virtutibus
813 320 941 372 pleni,
979 324 1127 373 'quanto
1154 317 1250 356 hinc
1282 317 1435 370 plenio-

17 388 108 428 res?
146 388 329 427 sedebant
363 387 414 426 ad
454 387 668 436 sinistram,
696 400 778 425 non
815 386 859 425 in
897 387 1028 425 eadem
1057 386 1183 434 linea,
1218 385 1287 423 sed
1322 386 1438 436 longe

20 455 202 494 deorsum
229 455 309 494 duo
332 454 488 507 parvuli
509 454 787 505 Imperatores,
816 453 898 491 eius
914 453 1110 504 quondam
1131 452 1302 502 domini,
1329 465 1437 490 nunc

20 521 200 570 subiecti,
221 522 332 560 cuius
352 520 588 560 narrationis
605 519 761 558 initium
786 519 863 558 hoc
889 520 984 558 suit:
1013 519 1291 566 Debmnamns,
1319 520 1437 558 immo

19 587 268 627 volueramus
297 595 337 627 ts
360 587 542 638 benigne,
569 585 846 636 magnificeque
871 587 1087 639 suscipere,
1114 587 1183 625 sed
1214 587 1359 625 domini
1379 587 1440 625 tui

19 654 199 707 impietas
225 668 307 693 non
331 653 546 707 permittit,
575 652 646 703 qni
669 658 750 689 tam
776 651 934 690 inimica
960 653 1159 692 invasione
1178 653 1337 691 Romam
1364 653 1439 708 sibi

20 720 262 770 vindicavit,
295 720 548 772 Berengaxio,
577 724 617 756 et
651 717 858 756 Adelberto
888 725 1027 757 contra
1060 718 1122 757 ius
1149 720 1284 771 sasque
1315 720 1474 758 vitame

21 787 206 837 abstulit,
241 788 505 826 Romanorum
541 785 637 824 alios
669 784 820 835 gladio,
861 785 957 823 alios
989 786 1198 838 suspendio
1230 787 1440 835 interemit,

22 854 148 892 oeulis
172 854 269 892 alios
286 854 480 906 privavit,
509 853 629 892 exilio
655 853 750 890 alios
768 852 974 902 relegavit,
1002 858 1041 890 et
1056 852 1212 904 imperii
1230 852 1358 890 nostri
1377 852 1443 890 in-

16 933 142 973 super
169 921 346 960 civitates
372 919 608 968 homicidio,
647 925 716 957 aut
742 919 924 957 incendio
959 918 1033 957 sibi
1063 919 1228 957 subdere
1255 919 1442 958 tentavit:

23 993 64 1026 et
92 987 184 1038 quia
211 986 371 1025 affectus
399 986 481 1024 eius
509 998 656 1038 pravus
679 985 860 1024 effectum
884 985 1024 1025 habere
1050 999 1131 1024 non
1157 986 1309 1038 potuit,
1336 999 1442 1024 nunc

21 1059 63 1092 te
88 1054 259 1092 malitiae
273 1053 388 1091 huius
412 1059 671 1104 suggestorem
697 1059 814 1104 atque
839 1052 1108 1104 impulsorem,
1138 1052 1315 1091 simulata
1333 1065 1440 1103 pace,

24 1120 137 1171 quasi
160 1117 336 1160 ἄσκοπον
353 1117 388 1171 ⁹)
402 1148 415 1168 ,
442 1119 484 1157 id
510 1126 569 1157 est
595 1120 881 1171 exploratorem
907 1119 957 1157 ad
977 1132 1050 1157 nos
1070 1119 1226 1161 direxit.
1283 1120 1354 1157 Cui
1377 1119 1442 1157 in-

23 1198 139 1237 quam
161 1198 254 1236 ego:
278 1187 490 1224 Romanam
515 1186 711 1224 civitatem
737 1185 925 1223 Dominus
948 1198 1056 1223 meus
1079 1199 1162 1223 non
1193 1186 1270 1235 vi,
1285 1192 1353 1224 aut
1375 1192 1444 1237 ty-

21 1251 182 1290 rannice
203 1252 371 1301 invasit,
398 1253 468 1291 sed
488 1267 510 1290 a
528 1252 709 1304 tyranni,
735 1252 855 1289 immo
871 1258 1127 1303 tyrannorum
1144 1252 1232 1302 iugo
1251 1240 1443 1290 liberavit.

22 1318 163 1357 Nonne
197 1317 432 1356 effoeminati
467 1318 762 1356 dominabantur
802 1318 914 1356 eius?
952 1324 992 1357 et
1021 1317 1127 1368 quod
1157 1318 1329 1368 gravius,
1364 1317 1445 1355 sive

24 1384 204 1438 turpius,
232 1398 364 1424 nonne
386 1386 632 1426 meretrices?
670 1386 910 1434 Dormiebat,
937 1390 983 1422 ut
1007 1390 1126 1435 puto,
1153 1390 1250 1422 tunc
1273 1391 1482 1436 potestasl)

24 1457 117 1501 tua,
142 1452 262 1490 immo
291 1451 536 1491 decessorum
558 1459 736 1502 tuorum,
766 1452 833 1503 qui
849 1450 1006 1489 nomine
1021 1451 1105 1488 solo
1117 1479 1129 1499 ,
1152 1464 1238 1506 ‘non
1256 1458 1382 1489 antem
1400 1464 1444 1489 re

24 1518 111 1570 ipsa
134 1518 389 1571 Imperatores
413 1521 675 1558 Romanorum
698 1524 909 1557 vocantur.
964 1517 1006 1555 Si
1025 1523 1222 1569 potentes,
1251 1517 1286 1555 si
1309 1518 1447 1569 Impe-

24 1592 174 1624 ratores
194 1586 457 1624 Romanorum
480 1593 610 1634 erant,
639 1598 712 1623 cur
737 1585 897 1622 Romam
923 1583 967 1621 in
993 1583 1239 1622 meretricum
1260 1590 1448 1635 potestate

27 1652 235 1690 sinebant?
261 1653 399 1690 Nonne
415 1652 754 1690 sanctissimorum
770 1652 963 1702 Papamm
981 1650 1047 1687 alii
1066 1656 1160 1688 sunt
1173 1650 1329 1700 relegati
1341 1680 1352 1699 ,
1380 1650 1449 1688 alii

29 1733 54 1756 a
79 1725 121 1756 te
149 1719 310 1768 afflicti,
336 1726 382 1757 ut
405 1732 531 1770 neque
557 1717 807 1769 quotidianos
837 1723 1032 1768 sumptus,
1063 1730 1136 1754 nec
1167 1717 1447 1767 eleemosynam

28 1785 171 1823 habere
186 1785 374 1836 quirent?
399 1797 531 1822 nonne
547 1784 775 1822 Adelbertus
795 1784 1091 1821 contumeliosas
1108 1783 1240 1821 literas
1257 1784 1445 1833 Romano,

30 1858 70 1889 et
95 1851 347 1889 Constantino
389 1851 651 1889 decessoribus
683 1850 762 1888 tuis
789 1850 1109 1901 Imperatoribus‚
1147 1849 1270 1887 misit:
1315 1863 1447 1888 nonne
1469 1848 1509 1881 P·
1531 1847 1598 1883 480

30 1917 369 1956 Sanctissimorum
394 1917 669 1968 Apostolorum
693 1917 885 1954 Ecclesias
912 1916 1060 1968 rapinis
1094 1915 1326 1967 expoliavit:
1361 1916 1447 1967 quis
1470 1893 1544 1927 ‘3⁰¹'
1571 1897 1602 1929 1⁶

31 1997 83 2022 ex
108 1983 221 2022 vobis
243 1983 548 2035 Imperator-ibus
578 1983 661 2020 zelo
686 1983 758 2020 Dei
789 1982 931 2020 ductus
959 1990 1038 2021 tam
1063 1983 1267 2032 indignum
1296 1983 1447 2022 facinus

29 2050 251 2100 vindicare,
279 2055 318 2087 et
337 2050 517 2088 Sanctam
538 2050 749 2088 Ecclesiam
772 2049 817 2087 in
837 2056 983 2088 statum
1008 2049 1213 2101 proprium
1236 2050 1447 2088 reformare

31 2117 213 2156 curavit?
240 2116 464 2167 neglaistis
481 2130 552 2154 vos
564 2145 576 2165 ,
603 2129 686 2153 non
707 2116 879 2166 neglexit
902 2116 1089 2154 Dominus
1106 2130 1211 2155 meus
1224 2146 1236 2166 ‚
1266 2116 1334 2167 qui
1352 2130 1375 2153 a
1392 2116 1446 2153 fi-

31 2184 148 2222 nibus
179 2188 304 2221 terrae
334 2196 517 2233 surgens,
554 2183 793 2233 Romamque
824 2183 984 2221 veniens
1009 2183 1151 2235 impios
1187 2183 1367 2232 abstulit,
1407 2189 1447 2221 et

32 2251 267 2287 sanctorum
287 2248 566 2300 Apostolorum
588 2249 756 2287 Vicariis
772 2254 1000 2300 potestatem
1028 2256 1067 2288 et
1086 2249 1274 2288 honorem
1294 2263 1447 2287 omnem

33 2314 282 2354 contradidit.
333 2315 583 2354 Postmodum
599 2329 692 2354 vero
709 2316 951 2366 insurgentes
972 2323 1107 2354 contra
1122 2331 1175 2364 se,
1193 2323 1231 2355 et
1239 2317 1447 2354 Dominum

31 2381 326 2434 Apostolicum‚
358 2382 467 2431 quasi
485 2382 740 2421 iurisiurandi
766 2382 974 2420 violatores
1000 2383 1227 2434 sacrilegos,
1256 2381 1447 2419 Domino-

33 2463 123 2488 rum
155 2460 314 2486 suorum
341 2445 654 2497 Apostolicorum
683 2454 875 2497 tortores,
906 2454 1104 2500 raptores,
1132 2449 1346 2487 secundum
1375 2445 1448 2482 de-

8 2510 9 2513 *
34 2521 141 2553 creta
164 2515 443 2565 Imperatorum
460 2514 723 2552 Romanorum
738 2513 939 2552 Iustiniani
950 2544 961 2563 ,
979 2515 1254 2562 Valentiniani,
1268 2511 1484 2550 'theodo-B

34 2580 105 2629 sii,
133 2585 174 2618 et
198 2584 439 2617 caeterorum
467 2580 629 2628 cecidit,
656 2581 864 2631 iugulavit,
892 2581 1116 2632 suspendit,
1145 2587 1182 2617 et
1208 2578 1325 2617 exilio
1349 2577 1451 2614 rele-

33 2644 160 2696 gavit:
188 2658 287 2695 qnae
305 2644 339 2682 si
356 2658 437 2683 non
453 2645 618 2695 faceret,
644 2647 808 2699 impius,
836 2647 1022 2696 iniustus,
1053 2646 1231 2694 crudelis,
1258 2650 1449 2694 tyrannus

77 2741 119 2784 9)
146 2741 242 2776 Fert.
263 2742 501 2777 κατάσκοπον.
539 2742 638 2777 Can.
