1760 3034
386 154 667 200 NOMINUM
691 153 772 199 ΕΤ
797 148 1126 201 VERBORUM.

27 255 198 299 TChristi,
234 253 430 292 servatoris
462 260 499 292 et
527 256 595 291 Dei
625 255 747 299 nostri,

34 316 39 326 ²
90 303 225 348 effigies
249 303 285 337 in
310 303 447 336 sudario
470 313 652 348 expressa,
675 303 746 336 Ab·

35 363 39 366 ’
90 349 559 429 ἔέῗέἓᾷἱῖἷὲξῖἷῖἓεὶ
569 347 746 431 ἒῖἑῖἳίζ

90 438 284 484 Mempetze
303 439 444 473 inventa
465 440 553 479 166,
578 443 610 476 1.

44 493 68 518 a
93 483 289 518 Christiana
320 484 484 528 religione
515 483 615 518 alieni
642 483 746 518 Russi

88 529 184 563 circa
199 529 298 563 initia
316 541 405 564 saec.
421 541 456 564 x.
475 527 564 571 484,
585 531 643 564 29.
664 529 745 563 Bul·

89 574 167 618 gari
199 574 428 610 Christianam
463 575 563 609 fidem
593 575 747 609 colentes

0 659 1 664 ¹
34 644 311 710 *Chris’tophorus
331 665 532 699 Antiochiae
548 665 744 710 patriarcha

92 722 114 745 a
131 711 313 745 Saracenis
330 711 532 744 interfectus
552 714 628 753 100,
654 712 707 746 15.

45 755 335 801 [christophorus
361 756 533 790 Patricius
557 757 743 790 Eunuchus

89 801 281 882 ξίοορῑιοιὶ
314 801 410 836 vices
433 801 512 846 Cpli
543 802 636 846 gerit
661 803 742 845 362,

43 847 239 973 Chi-{giem
257 891 419 938 paschale
435 891 646 926 emendatum
662 893 744 935 505,

31 981 347 1028 ‘Chronographiae
357 981 536 1017 Michaens
549 983 655 1017 Pselli
670 982 746 1017 edi-

33 1050 37 1054 ·
89 1028 139 1062 tio
169 1040 191 1062 a
216 1028 416 1062 Combefisio
444 1028 568 1062 affecta
593 1029 664 1070 IX,
687 1031 744 1064 22.

94 1074 172 1108 li'd.
192 1085 321 1118 quoque
355 1073 500 1107 Insm‘rx
528 1083 744 1107 susurrones

89 1119 212 1164 quibus
226 1118 262 1153 in
276 1119 367 1153 notis
383 1119 600 1153 conficiendis
618 1120 670 1152 usi
685 1131 745 1154 su-

33 1181 40 1184 ·
89 1175 175 1198 mus.

43 1208 80 1243 in
97 1208 326 1254 chronologia
342 1209 503 1243 falluntur
518 1210 693 1244 cedrenus
710 1212 744 1245 et

89 1254 283 1288 Elmacinus
302 1256 368 1290 511
380 1279 391 1296 ‚
412 1253 446 1291 4.

31 1299 270 1345 chrysopoli,
293 1312 314 1334 e
337 1300 478 1344 regione
497 1299 611 1344 Cplis,
635 1300 743 1334 Nice-

115 1347 220 1379 horus'
250 1346 410 1387 Phocus,
450 1346 569 1379 fratris
607 1346 743 1379 Bardae

121 1391 228 1424 hocae
242 1390 439 1425 rebellantis
452 1390 532 1432 dux,
555 1398 669 1425 castra
683 1392 744 1426 ha-

87 1436 150 1470 bet
169 1437 254 1478 173,
276 1438 334 1473 21.

32 1481 317 1526 -Chrysostomum
390 1481 476 1515 ride

90 1528 362 1572 chrysostomus.

31 1571 359 1616 -Chrysotriclinium
379 1572 540 1606 conclave
558 1569 594 1604 in
613 1569 742 1615 palatio

90 1617 250 1661 Cplitano
264 1619 328 1659 90,
356 1617 407 1652 14.
480 1631 484 1634 ’

46 1661 222 1696 ciborium
250 1663 362 1697 nobile
386 1663 422 1695 S.
447 1660 611 1695 Demetrii
632 1660 746 1694 Thes-

91 1707 260 1742 salonicae
282 1709 370 1748 507,
392 1706 447 1742 24.
472 1718 565 1740 voce-
584 1707 745 1739 ciborium

90 1753 172 1798 quid
192 1753 331 1798 proprie
341 1753 520 1786 denotetur
527 1753 605 1789 510,
617 1753 662 1785 20
669 1761 745 1794 sqq.

28 1818 29 1821 =
51 1798 174 1832 Cilicia
199 1800 412 1832 dextrorsum
435 1797 576 1839 relicta,
610 1796 746 1839 Syriam

92 1843 226 1888 invadit
257 1843 473 1888 Nicephorus
509 1842 642 1875 Phocas
688 1841 746 1881 70,

94 1890 148 1924 13.
173 1889 318 1923 Ciliciae
342 1889 425 1922 fines
444 1887 613 1921 montibus
631 1886 747 1919 silvis—

91 1945 160 1979 que
181 1934 335 1980 impediti
350 1936 420 1974 22,
440 1932 475 1967 4.
504 1932 580 1976 ipsa
597 1936 633 1965 et
654 1932 746 1975 Cap-

92 1980 236 2025 padocia
259 1979 368 2014 Tauri
395 1978 484 2023 iugis
511 1977 747 2011 disterminan-

36 2048 38 2050 ν
92 2030 150 2059 tur
167 2026 255 2067 250,
281 2024 335 2059 17.
354 2023 566 2058 nihilominus
585 2021 747 2056 Cilicien-

93 2081 306 2149 ziffifflfl
334 2068 654 2148 ἷέἓόεᾶξέἕὲῗιῖῗὲ
676 2067 746 2146 ἓιῖζ

92 2161 259 2194 Romanos
294 2140 378 2194 fines
406 2161 559 2204 ingresso
589 2159 679 2199 243,
711 2160 744 2193 8.

95 2205 325 2239 Ciliciensium
342 2206 583 2239 Saracenorum
602 2203 747 2248 irruptio

93 2250 130 2284 in
146 2252 258 2284 thema
274 2251 540 2291 Anatolicorum,
564 2249 748 2293 imperante

95 2296 212 2330 Leone
221 2296 426 2340 Philosopho
442 2294 523 2336 241,
548 2297 600 2330 18.
618 2294 666 2328 ibi
684 2295 748 2328 Sa-

95 2341 210 2375 raceni
236 2352 302 2385 quo
331 2352 443 2375 mense
471 2341 514 2374 ad
538 2340 747 2374 invadendos

97 2385 320 2419 Romanorum
345 2387 428 2420 fines
454 2386 747 2430 congregabantur

98 2433 187 2472 196,
209 2432 244 2466 5.
268 2442 380 2464 eorum
401 2431 570 2466 exercitus
590 2442 692 2475 saepe
712 2430 747 2463 in

95 2476 229 2510 clisuris
254 2476 319 2509 fusi
347 2478 431 2517 191,
453 2477 510 2511 21.
544 2476 685 2510 Cilicum
712 2480 747 2509 et

95 2521 303 2555 Chambdani
336 2533 418 2566 opes
447 2521 604 2555 Romanis
631 2521 747 2555 formi-

96 2566 227 2601 dandae
246 2566 331 2607 184,
358 2567 411 2602 13.
439 2566 492 2609 [ln
509 2566 660 2600 Ciliciam
681 2567 747 2600 Ni—

97 2613 267 2695 ggghozs
287 2613 461 2665 profectus
465 2613 523 2690 {5
541 2623 636 2664 arces
654 2612 748 2665 capi}

176 2681 187 2700 ,
256 2682 265 2690 .
288 2668 322 2690 m
351 2669 424 2690 eam
452 2667 462 2689 1
502 2668 572 2690 rum
603 2667 748 2701 ingressi

98 2702 239 2791 ἓξῗιιιί
253 2703 333 2745 379,
344 2704 377 2737 7.
394 2701 498 2737 tertio
507 2702 588 2744 380,
597 2703 654 2737 25.
666 2703 749 2745 382,

146 2805 217 2839 Leo
240 2806 419 2841 Diaconus.

524 1481 562 1515 S.
600 1480 744 1515 Ioannes

1392 147 1495 202 1577

797 260 840 293 ut
865 256 910 291 ad
930 256 1143 294 Cimmerium
1164 259 1352 304 Bosporum
1376 260 1497 296 redeat

843 302 1137 346 Sphendosthlabo
1188 305 1310 340 suadet
1352 306 1496 342 loannes

845 347 1036 383 Tzimisces
1052 350 1137 394 Imp.
1157 351 1243 391 103,
1270 353 1325 387 15.
1348 353 1418 387 sed·
1432 353 1496 388 de-

844 392 944 435 inde,
967 394 1055 428 bello
1077 394 1267 439 flagrante,
1286 398 1430 433 reditum
1453 409 1496 434 eo

844 438 968 472 Russis
991 439 1217 476 intercludere
1235 443 1310 477 vult
1329 445 1415 485 129,
1435 446 1494 480 20.

843 483 979 529 iamque
1008 488 1088 519 ante
1115 488 1160 521 ad
1169 487 1380 524 Cimmerium
1408 490 1496 524 Bos-

843 539 961 608 porum
984 541 1088 574 aegre
1115 543 1191 567 cum
1211 531 1323 568 decem
1354 535 1496 569 navicu-

857 574 888 607 is
914 587 958 608 ex
982 576 1119 611 Graeca
1140 579 1355 622 expeditione
1377 592 1497 615 rever-

843 631 901 653 sus
916 624 991 654 erat
1007 621 1110 666 Ingor
1127 625 1194 658 106
1202 649 1212 663 ,
1234 625 1268 659 7.
1314 626 1399 661 Vide
1413 638 1496 673 quo-

844 677 906 709 que
926 665 1158 701 Chersonesus
1175 668 1340 704 Taurica.

799 710 925 744 Cinere
943 711 1030 756 pluit
1048 713 1127 757 Cpli
1148 715 1214 755 69,
1236 716 1293 750 22.

799 755 991 791 Cinnamus.
1041 758 1127 792 Vide
1138 759 1281 793 Ioannes
1303 760 1496 798 OEnnamnn.

797 801 835 835 in
843 800 1072 881 ἑξηεηεὶὓιιε
1095 804 1184 839 ludis
1210 805 1362 851 Cplitani
1380 809 1498 844 territi

898 871 909 888 ‚
933 849 989 882 18.

800 890 1048 945 Circilmflexus
1059 904 1079 926 a
1090 894 1232 930 librario
1246 907 1422 942 perperam
1434 909 1497 944 po·

843 943 931 1016 {¹ss3?
944 939 1339 1021 .¹‡‘:.25353.²}3’03321.
1349 955 1497 1033 ἓξὲξ

844 1028 956 1062 alieno
973 1029 1047 1063 loco
1068 1031 1223 1065 collocati
1241 1030 1330 1075 407,
1355 1036 1410 1069 18.
1429 1034 1498 1068 cir-

844 1074 1009 1107 cumflexa
1025 1077 1130 1109 verba
1149 1079 1318 1112 secundae
1335 1079 1498 1124 coniuga-

842 1118 947 1152 tionis
968 1120 1112 1154 formata
1132 1126 1171 1155 ut
1190 1123 1405 1158 circumflexa
1425 1130 1498 1159 ter-

842 1163 915 1197 tiae
933 1165 1001 1199 239
1012 1167 1101 1204 (20.

799 1208 923 1242 Clades
949 1210 1178 1249 Adanensium
1201 1211 1236 1246 in
1265 1214 1395 1258 praelio
1421 1226 1497 1250 cum

843 1253 1039 1299 Nicepfiom
1058 1256 1175 1291 Phoca
1195 1257 1321 1293 maiore
1347 1258 1439 1302 242,
1460 1262 1498 1296 5.

844 1299 1016 1343 copiarum
1054 1301 1285 1344 Chambdani‚
1326 1315 1347 1338 a
1382 1306 1498 1341 Leone

843 1344 960 1378 Phoca
978 1345 1163 1380 deletarum
1177 1349 1301 1389 22,21.
1322 1349 1496 1393 [376,33.]

844 1389 1056 1425 Cretensium
1070 1415 1080 1433 ,
1105 1392 1230 1438 oppido
1255 1393 1438 1430 Chandace
1459 1396 1497 1431 vi

844 1441 1036 1480 expugnato
1052 1439 1116 1478 26,
1143 1439 1196 1473 15.

800 1479 930 1514 Classis
947 1481 1156 1517 Graecorum
1177 1482 1221 1517 ad
1242 1484 1339 1519 littus
1356 1485 1498 1521 Siciliae

843 1531 938 1560 stans
963 1538 984 1561 a
1003 1528 1185 1562 Saracenis
1211 1529 1373 1574 pleraque
1395 1538 1497 1576 capta

843 1573 908 1613 67,
935 1573 987 1606 15.
1011 1573 1130 1607 classis
1150 1574 1338 1619 Nicephori
1358 1577 1498 1612 Phocae

844 1616 879 1650 in
897 1616 1000 1661 Syria
1021 1619 1219 1653 reflantibus
1237 1621 1347 1654 ventis
1369 1622 1500 1657 reiecta

844 1663 889 1696 71
900 1689 908 1703 ‚
937 1664 990 1697 16.
1015 1663 1131 1697 classis
1149 1665 1336 1709 recognitio
1354 1678 1375 1700 a
1392 1667 1498 1702 Ioan-

843 1718 887 1740 ne
904 1707 1076 1742 Tzimisce
1092 1709 1128 1742 in
1148 1715 1247 1754 portu
1266 1711 1425 1755 Cplitano
1443 1713 1499 1747 fa-

847 1756 903 1785 cta
928 1754 1014 1794 129,
1047 1755 1100 1789 15.
1131 1755 1346 1800 eiusdemque
1381 1758 1499 1792 classis

847 1797 880 1829 in
901 1804 1116 1843 conspectum
1134 1799 1308 1844 Dorystoli
1333 1802 1498 1837 adventus

847 1840 935 1883 144,
961 1845 991 1877 1.
1015 1844 1156 1878 classem
1179 1845 1312 1890 Ingoris
1332 1847 1367 1881 in
1386 1848 1496 1882 Ponto

846 1887 926 1966 iffnde
959 1889 1096 1923 Graeco
1126 1891 1322 1926 comburunt
1354 1893 1498 1928 Romani

846 1933 860 1965 i
882 1934 894 1965 ἰ
921 1957 931 1966 .
948 1935 980 1968 6.

803 1977 909 2011 Clava
941 1979 1055 2013 ferrea
1082 1979 1280 2015 Theodorus
1305 1981 1430 2016 Lalaco
1461 1982 1498 2016 in

847 2023 975 2102 pzaelio
999 2028 1117 2059 contra
1136 2026 1267 2060 Russos
1291 2027 1398 2062 utitur
1420 2027 1498 2071 144,

803 2112 1034 2159 Claudiopolis
1056 2115 1090 2149 in
1117 2116 1255 2151 Galatia
1275 2121 1391 2153 terrae
1405 2122 1497 2153 motu

848 2170 968 2193 eversa
985 2160 1047 2201 68,
1071 2162 1103 2195 5.

804 2203 929 2238 Claves
954 2205 1072 2250 palatii
1089 2207 1241 2252 Cplitani
1264 2207 1300 2242 in
1328 2220 1410 2245 cera
1435 2208 1496 2242 im-

848 2261 987 2294 pressae
1010 2250 1092 2294 146,
1116 2255 1150 2289 5.

803 2294 956 2329 Clemata
970 2301 1116 2332 castrum
1130 2299 1165 2332 in
1179 2298 1390 2332 Chersoneso
1402 2298 1515 2331 Tau·‘

848 2339 920 2374 rica
947 2342 1036 2383 500,
1059 2343 1115 2378 35.
1137 2346 1224 2384 502,
1247 2345 1280 2378 3.
1305 2343 1499 2376 Clematen-

848 2397 904 2418 ses
920 2385 1009 2420 ultro
1024 2399 1062 2422 se
1077 2389 1207 2423 dedunt
1225 2388 1312 2428 504,
1335 2390 1369 2422 5.

803 2430 840 2464 S.
863 2430 1016 2465 Clemens
1039 2434 1282 2468 Alexandrinus
1303 2433 1500 2466 emendatus

847 2474 938 2517 422,
960 2476 1015 2512 45.
1047 2478 1222 2512 Philonem
1246 2478 1411 2512 interdum
1437 2489 1499 2512 ex-

847 2521 966 2556 scribit
982 2522 1070 2564 471,
1098 2526 1152 2558 10.

803 2565 1005 2647 Clementia4
1024 2568 1158 2602 Ioannis
1188 2566 1380 2602 Tzimiscae
1413 2565 1498 2612 Imp.

850 2613 938 2653 114,
963 2615 980 2647 1
1009 2638 1017 2645 .

805 2656 960 2690 Clericus
986 2657 1096 2691 libello
1122 2657 1246 2691 tradito
1270 2655 1500 2701 Nicephorum

850 2702 933 2745 Imp.
961 2701 1003 2735 de
1032 2703 1135 2736 caede
1169 2703 1360 2736 imminente
1388 2707 1500 2734 monet

851 2748 908 2789 86,
932 2749 963 2781 1.
979 2747 1062 2782 cleri
1079 2748 1261 2789 decretum,
1274 2749 1356 2782 vide
1367 2746 1502 2791 Τόμος.

1173 2797 1227 2838 37
