1748 3094
267 111 366 159 366
658 118 1001 163 LUlTPRANDI
1042 118 1298 165 LEGATIO

263 221 454 274 pecunia,
477 231 559 274 'qua
586 223 797 274 pollemus,
828 234 959 261 omnes
989 222 1165 262 nationes
1195 237 1312 276 super
1339 227 1467 278 ipsum
1496 227 1683 266 invitabi-

260 300 367 336 mus,
398 294 436 325 et
462 289 572 339 quasi
599 290 843 327 Keramicum
865 285 944 341 33),
972 287 1014 325 id
1046 295 1103 331 est
1128 304 1197 331 vas
1218 291 1361 341 fictile,
1391 294 1496 344 quod
1526 296 1685 333 confra-

263 359 370 391 ctum
394 355 597 392 reformari
617 355 776 405 nequit,
806 354 1105 404 confringemus.
1161 358 1211 396 Et
1237 359 1422 409 quoniam
1442 366 1481 398 te
1501 361 1543 399 iu
1563 361 1685 399 deco-

261 433 344 458 rem
369 433 482 458 suum
512 422 697 471 quaedam
717 422 837 473 pallia
860 421 992 462 emisse
1013 429 1215 473 putamus,
1243 431 1290 465 ut
1315 425 1358 467 in
1385 416 1555 467 medium
1587 441 1683 478 pro-

260 487 456 536 ferantur,
487 488 696 533 edicimus,
732 502 828 539 quae
857 493 947 526 sunt
971 488 1082 529 vobis
1122 490 1257 540 digua,
1293 491 1472 543 plumbea
1500 498 1685 530 notentur

264 553 396 602 bulla,
424 553 608 605 vobisque
631 555 828 603 sinantur,
860 568 956 605 quae
979 568 1072 594 vero
1099 554 1345 608 κωλυόμενοι,
1373 558 1417 597 id
1439 563 1496 596 est
1512 558 1685 596 nationi-

226 619 335 657 Cbus
372 620 571 670 omnibus,
597 635 690 672 prae
724 621 834 659 nobis
870 622 1071 671 Romanis,
1109 623 1324 674 prohibita,
1358 623 1486 676 pretio
1517 623 1683 672 reddito,

265 687 499 726 auferantur.
556 687 673 734 Quod
692 701 783 725 cum
802 687 935 736 fieret,
963 689 1132 740 quinque
1153 690 1249 728 mihi
1269 690 1563 743 pretiosissimas
1584 703 1685 741 pur-

261 765 379 804 puras
417 751 681 792 abstulerunt:
719 754 898 804 indignos
941 768 1031 804 vos,
1080 770 1286 809 omnesque
1325 757 1463 805 Italos,
1501 758 1684 806 Saxones,

262 819 454 868 Francos,
483 819 690 869 Bagoarios
711 816 792 872 3³²),
830 822 995 872 Suevos,
1024 823 1141 861 immo
1168 831 1325 864 cunetas
1349 822 1526 865 nationes
1546 822 1684 860 huius-

262 885 368 922 modi
389 892 496 923 veste
514 891 670 924 ornatos
690 885 870 926 incedere
889 887 1117 928 iudicantes.
1174 889 1292 936 Quod
1309 902 1425 940 quam
1442 889 1683 938 indecorum,

266 964 454 1001 quamque
486 951 808 990 contumeliosum
834 954 906 1002 sit,
947 955 1099 1003 molles,
1137 955 1421 1003 effoeminatos,
1459 956 1683 1004 manicatos,

262 1018 440 1066 tiaratos,
476 1019 716 1068 teristratos,
745 1020 970 1069 mendaces,
997 1027 1154 1063 neutros
1175 1022 1252 1068 35),
1293 1021 1462 1069 desides,
1491 1034 1684 1072 purpura-

262 1090 323 1121 tos
343 1083 543 1132 incedere;
572 1084 707 1123 heroas
732 1099 846 1135 vero,
874 1087 982 1125 viros
1002 1088 1148 1127 scilicet
1170 1090 1315 1138 fortes,
1344 1089 1506 1129 scientes
1525 1088 1685 1135 bellum,

261 1150 372 1199 fidei,
404 1149 678 1202 charitatisque
696 1152 843 1203 plenos,
874 1154 952 1191 Deo
973 1154 1160 1203 subditos,
1187 1155 1401 1197 virtutibus
1421 1155 1557 1205 plenos
1581 1167 1682 1191 non:

262 1217 358 1266 quid
392 1223 467 1262 est,
506 1217 539 1254 si
568 1231 647 1256 nou
678 1218 774 1257 haec
803 1221 1037 1258 contumelia
1065 1222 1150 1261 est?
1197 1222 1273 1260 Sed
1298 1222 1368 1263 ubi
1394 1229 1475 1271 est,
1511 1222 1683 1272 inquam,

226 1282 541 1333 Dlmperatorius
568 1285 723 1325 sermo?
766 1286 835 1324 ubi
857 1287 1072 1338 Imperialis
1100 1287 1333 1339 promissio'.>
1373 1301 1462 1326 cum
1493 1288 1595 1326 enim
1621 1287 1685 1324 illi

261 1350 537 1399 valedicerem,
573 1352 728 1402 rogavi,
766 1359 812 1389 ut
840 1354 883 1390 111
913 1354 1105 1393 Ecclesiae
1133 1355 1322 1392 honorem
1348 1354 1543 1404 quantivis
1566 1353 1685 1404 pretii

261 1429 322 1453 me
352 1417 591 1468 permitteret
625 1419 744 1469 pallia
777 1432 911 1459 emere.
979 1421 1057 1467 Qui
1083 1422 1156 1469 ait,
1196 1420 1322 1470 qualia
1348 1420 1408 1458 vis
1441 1426 1478 1457 et
1510 1423 1683 1469 quanta?

261 1481 443 1534 ποιότητα
459 1484 526 1525 καὶ
546 1481 758 1534 ποσότητα,
797 1486 839 1523 id
865 1492 921 1523 est
950 1487 1173 1537 qualitatem
1201 1492 1239 1524 et
1264 1486 1516 1536 quantitatem
1534 1499 1682 1536 ponens

263 1549 518 1590 differentiam
535 1551 650 1601 plane
671 1564 751 1587 nou
775 1551 928 1601 posuit,
945 1536 1001 1589 ‘ut
1029 1552 1194 1601 diceret,
1225 1551 1285 1588 his
1297 1580 1310 1599 ,
1338 1557 1378 1588 et
1397 1551 1476 1589 illis
1497 1550 1679 1602 exceptis.

262 1616 385 1654 Testis
407 1624 464 1656 est
486 1618 561 1654 Leo
583 1617 805 1667 Coroplates
829 1617 950 1654 frater
971 1618 1075 1666 eius3
1105 1618 1212 1656 testis
1232 1623 1290 1656 est
1311 1624 1348 1655 et
1366 1617 1559 1668 interpres
1572 1619 1681 1656 Evo-

264 1683 405 1732 disius,
435 1684 607 1732 Ioannes,
637 1685 852 1732 Romanus3
879 1684 988 1722 testis
1006 1698 1091 1722 sum
1110 1684 1204 1735 ipse,
1233 1684 1311 1734 qui,
1342 1684 1452 1734 quod
1468 1683 1683 1735 Imperator

264 1750 432 1799 diceret,
474 1751 587 1788 etiam
616 1749 650 1785 si
684 1748 876 1800 interpres
908 1751 1074 1800 abesset,
1103 1750 1299 1798 intellexi3
1338 1749 1406 1787 sed
1442 1745 1682 1801 κωλυόμενοι,

262 1815 306 1853 id
326 1822 383 1853 est
399 1816 595 1867 prohibita
615 1821 707 1853 sunt
720 1814 827 1864 haec,
856 1816 1053 1867 inquiunt.
1107 1817 1157 1854 Et
1179 1830 1277 1865 eum,
1307 1828 1406 1867 quae
1422 1817 1572 1864 asseris,
1600 1816 1684 1853 Im-

263 1888 420 1931 perator
438 1883 602 1930 diceret,
633 1881 680 1918 de
703 1881 844 1919 talibus
861 1883 992 1920 saltem
1004 1913 1016 1932 ,
1045 1889 1090 1920 ut
1108 1883 1339 1931 somniares,
1367 1895 1447 1919 non
1466 1882 1594 1932 potuit
1611 1894 1683 1918 co-

264 1947 403 1995 gitare:
440 1955 485 1986 ut
526 1949 627 1986 enim
663 1947 832 1997 divitiis,
869 1949 1075 2000 sapienti-⁴³3
1110 1949 1164 1986 ita
1198 1955 1236 1986 et
1270 1949 1427 1986 caeteris
1457 1947 1680 1985 nationibus

224 2011 256 2054 E
264 2019 457 2063 praestare
484 2021 589 2052 veste
616 2014 814 2052 debemus:
843 2022 889 2053 ut
913 2016 1052 2066 quibus
1081 2021 1138 2053 est
1167 2014 1371 2065 singularis
1397 2013 1441 2050 111
1469 2012 1680 2050 virtutibus

262 2079 402 2128 gratia,
431 2079 482 2117 sit
513 2080 717 2129 singularis
750 2087 787 2117 et
808 2081 851 2118 in
880 2081 1143 2133 pulcritudine
1170 2081 1301 2119 vestis.
1323 2119 1325 2121 ,
1351 2078 1466 2116 Haud
1491 2091 1680 2128 quaquam

263 2145 464 2194 singularis
476 2175 487 2194 ,
518 2146 674 2197 inquam
686 2176 697 2195 ‚
726 2147 822 2185 haee
836 2148 954 2186 vestis
969 2148 1054 2186 fieri
1072 2152 1220 2198 potest,
1248 2158 1336 2184 cum
1351 2157 1469 2195 penes
1489 2157 1563 2182 nos
1581 2145 1680 2182 obo-

261 2211 380 2249 lariae
399 2212 580 2251 mulieres
609 2219 647 2250 et
665 2214 1006 2264 mandrogeruntes
1023 2212 1082 2250 his
1102 2218 1275 2250 utantur.
1332 2210 1457 2259 Unde,
1485 2210 1679 2260 inquiunt,

263 2277 406 2316 vobis?
434 2278 468 2317 A
494 2278 710 2323 Veneticis,
741 2286 780 2317 et
801 2278 1080 2330 Amalphitanis
1113 2277 1377 2327 institoribus,
1405 2277 1583 2327 iuquam,
1612 2275 1680 2326 qui

260 2343 405 2381 nostris
426 2357 476 2381 ex
493 2345 743 2393 victualibus,
770 2345 866 2383 haec
884 2345 1042 2383 serendo
1062 2344 1196 2394 nobis,
1221 2345 1339 2382 vitam
1358 2343 1538 2380 nutriunt
1555 2354 1678 2380 suam-

263 2410 338 2447 Sed
354 2423 435 2447 non
456 2410 620 2460 amplius
643 2409 719 2448 hoc
736 2412 898 2460 facient,
934 2411 1055 2448 aiunt.
1111 2410 1395 2446 Scrutabuntur
1410 2409 1547 2459 plane,
1579 2413 1618 2444 et
1644 2407 1679 2443 si

265 2476 361 2526 quid
376 2475 601 2518 huiusmodi
618 2476 820 2515 inventum
841 2477 969 2525 fuerit,
995 2476 1219 2515 verberibus
1243 2489 1388 2523 caesus,
1417 2474 1523 2512 crine
1541 2479 1678 2510 tonsus

264 2555 408 2592 poenas
428 2542 544 2582 dabit.
600 2544 870 2594 Temporibus,
898 2543 1076 2593 inquam,
1104 2543 1235 2580 beatae
1256 2540 1459 2580 memoriae
1485 2540 1678 2576 Constan-

309 2640 371 2693 33)
392 2642 588 2720 tuffioegfffib
601 2642 695 2675 Can.
791 2641 854 2684 34)
883 2639 974 2675 Alias
996 2641 1186 2675 Baioarios.
1212 2641 1253 2675 Μ
1260 2650 1321 2687 ur.
1407 2636 1471 2680 35)
1500 2635 1677 2670 Eunuchos

356 2697 391 2719 111
407 2698 425 2720 e
451 2695 496 2729 ·gi
593 2698 655 2722 an.
