1768 3034
316 134 378 181 16
800 135 1007 182 LEONISv
1025 136 1258 182 DlACONI

313 248 479 298 πελέκεις
498 246 654 291 ἀνωθεν
683 248 921 304 ῥιπτοῦντες,
945 248 1008 289 καὶ
1027 246 1303 296 ταλαντιαίους
1319 247 1462 296 λίθους
1479 245 1704 302 ἓπαφιέντες
1718 259 1726 268 ·

313 319 378 359 καὶ
397 317 510 358 οὐδὲν
532 314 567 367 ὅ,
595 333 631 358 τι
651 322 810 371 παρεῖτο
831 313 987 363 τούτοις
1005 318 1084 356 τῶν
1110 316 1165 363 εἷς
1181 313 1228 356 τὸ
1253 317 1435 367 πολεμεῖν
1462 313 1728 367 ἀμυντηρίων,

312 386 377 426 καὶ
398 384 471 437 οὐχ
488 378 608 437 ἧττον
628 383 839 438 ἀντέδρων,
863 376 917 424 ὧν
937 381 1119 435 ἴπασχον.
1171 379 1194 424 ὅ
1219 380 1295 437 γὰρ
1317 380 1527 437 προφανὴς
1554 380 1740 426 κίνδυνος,

112 458 179 492 Fol.
197 456 265 492 276
281 467 307 490 r.
317 452 382 492 καὶ
408 449 434 505 ἡ
461 455 532 504 τῆς
561 451 759 505 σωτηρίας
777 447 997 503 ἀπόγνωσις
1015 447 1245 505 παρεκρότει
1267 447 1434 496 τούτους
1449 445 1547 503 ὖπὲρ
1568 444 1741 500 δύναμιν

314 518 596 573 ἀγωνίζεσθαι,
622 518 686 558 καὶ
704 523 788 565 τοῖς
809 516 1013 569 δυσμενέσι
1030 515 1271 572 παραβόλως
1288 515 1668 557 ἀντικαθίστασθαι.
1767 563 1768 576 3

277 592 307 626 B
415 583 472 626 θ’.
509 582 743 639 Νικηφόρος
760 584 824 638 δὲ,
861 581 882 624 ὃ
903 587 983 625 τῶν
995 581 1200 636 Ῥωμαίων
1217 583 1461 638 στρατηγὸς,
1484 582 1565 623 ἐπεὶ
1583 582 1649 623 καὶ
1666 579 1735 621 τὸν
1767 577 1768 608 i

102 663 138 695 A.
158 661 202 692 M.
221 652 525 707 6469περίβολον
551 655 623 692 τοῦ
650 650 790 698 ἄστεος
816 648 956 706 ε’χυρόν
982 667 1025 692 τε
1052 650 1223 704 ἀτεχνῶς
1245 648 1372 705 ἑώρα,
1419 651 1484 691 καὶ
1512 649 1585 703 τὴν
1607 647 1737 694 ἄλλως

116 707 211 783 Alng'
230 703 297 784 3⁶60
321 718 565 771 δυσέμβολον
592 719 658 759 καὶ
686 715 890 760 ἀνάλωτον
917 716 983 773 (οὗ
1001 717 1078 773 γὰρ
1106 719 1148 766 ἐξ
1173 718 1389 773 ἐπιδρομῆς
1415 717 1645 774 εὖεπίβατος
1670 709 1734 768 ἦν,

126 775 153 828 1]
173 774 263 829 Rom.
279 796 303 829 2
320 789 374 835 εἷς
402 785 510 838 ὕψος
530 784 590 826 ὅτι
618 788 799 826 πλεῖστον
816 784 1008 840 ἠρμένος,
1044 785 1109 827 καὶ
1137 786 1228 826 δυσὶ
1253 786 1458 840 ταφρείαις
1484 781 1739 836 διεζωσμένος
1764 815 1766 818 ,

318 856 372 901 εἷς
389 851 523 906 βάθος
543 851 834 907 ὀρωρυγμέναις
853 849 1085 910 ἀνάλογον),
1123 853 1188 893 καὶ
1207 850 1280 905 τὴν
1299 856 1379 894 τῶν
1395 849 1616 906 βαρβάρων
1635 846 1736 891 ἀπό·
1748 855 1768 889 1

318 935 462 975 γνωσιν
489 920 554 960 καὶ
575 918 802 960 ἀντίστασιν
820 918 866 961 τὸ
885 920 1030 974 μέτρον
1048 920 1328 972 ἐκβαίνουσαν·
1364 917 1483 979 ἔγνως
1519 918 1577 971 μὴ
1604 921 1739 958 θανα-

318 991 415 1028 τῶσι
443 987 507 1027 καὶ
535 986 858 1039 ἀπονενοημένοις
893 984 1062 1041 ἀνδράσι
1097 985 1394 1039 συμπλέκεσθαι
1421 984 1627 1036 κάτωθεν,
1674 983 1739 1024 καὶ

318 1051 526 1107 ἀνηνύτοις
552 1054 773 1109 ἐπιχειρεῖν,
809 1051 970 1106 ὑψόθεν
988 1070 1029 1094 τε
1048 1052 1294 1106 βάλλεσθαι,
1333 1055 1397 1094 καὶ
1425 1052 1498 1106 τὴν
1511 1050 1739 1104 εΡωμαϊκὴν

319 1121 359 1169 ἒς
380 1120 492 1161 οὐδὲν
521 1120 610 1161 δέον
641 1121 885 1175 διαφθείρειν
913 1118 1155 1174 παράταξιν·
1198 1123 1256 1177 τῷ
1286 1119 1330 1161 δὲ
1358 1123 1461 1176 λιμῷ
1489 1116 1740 1174 παραδώσειν

280 1207 282 1209 ·
317 1187 364 1228 τὸ
383 1186 504 1238 ἄστυ,
544 1186 615 1234 ἕως
633 1185 681 1227 ἂν
703 1186 775 1235 τὰς
794 1184 985 1236 ἑλεπόλεις
1002 1188 1067 1228 καὶ
1086 1185 1163 1229 ὅσα
1181 1188 1236 1236 εἷς
1261 1188 1511 1240 τειχομαχίαν
1538 1184 1768 1241 ἓξεύρηται1

281 1253 467 1309 Οἷίργανα
495 1251 662 1302 δεόντως
689 1252 995 1295 ἐπισκευάσοιτο.
1051 1252 1178 1309 ταύτῃ
1196 1270 1258 1295 τοι
1276 1255 1342 1293 καὶ
1359 1253 1430 1295 τὸν
1447 1251 1620 1306 πόλεμον
1631 1252 1738 1293 »ἀνα-

315 1319 525 1374 βάλλεται,
573 1322 639 1361 καὶ
667 1324 716 1375 τῇ
753 1319 933 1375 σάλπιγγι
964 1319 1037 1368 τὰς
1074 1320 1359 1376 στρατιωτικὰς
1398 1318 1740 1373 ἀνακαλεσάμενος

317 1386 546 1443 φάλαγγας,
583 1388 622 1435 ἐς
650 1387 720 1428 τὸν
742 1385 902 1442 χάρακα
930 1386 1136 1441 ἀπεφοίτα.
1192 1389 1259 1429 καὶ
1286 1391 1431 1428 τοῦτον
1460 1385 1655 1429 κυκλόθεν
1673 1384 1740 1442 ἕρε-

317 1456 388 1510 κίῳ
418 1455 483 1494 καὶ
510 1454 678 1511 ταφρειά
708 1454 850 1502 ἱκανῶς
869 1451 1097 1509 ὀχυρώσας,
1134 1453 1205 1496 τόν
1234 1470 1276 1496 τε
1307 1454 1479 1510 στρατὸν
1499 1452 1738 1509 διεγῦμναζε,

310 1522 385 1561 ’καὶ
407 1526 493 1567 ταῖς
512 1520 605 1560 καθ’
626 1518 778 1574 ἡμέραν
796 1522 977 1573 μελέταις
994 1520 1146 1574 πολλὴν
1165 1521 1238 1575 τὴν
1257 1521 1458 1576 ἐμπειρίαν
1478 1521 1566 1570 ταῖς
1584 1519 1768 1577 φάλαγ-ξ

320 1589 378 1636 ξιν
397 1587 605 1628 ἀπετίθετο
618 1618 630 1638 ,
662 1589 726 1628 καὶ
743 1587 815 1635 τὰς
834 1586 1025 1636 ἑλεπόλεις
1045 1589 1184 1644 ἐκλογῇ
1203 1592 1387 1642 τεχνιτῶν
1405 1589 1657 1640 ἐτεκταίνετο,
1676 1588 1742 1628 ἕκ-

321 1652 473 1709 δρομάς
498 1670 539 1694 τε
567 1655 632 1694 καὶ
658 1653 975 1709 ἀκροβολισμοὺς
1002 1655 1044 1695 ἐκ
1062 1659 1134 1696 τοῦ
1164 1657 1419 1711 παρείκοντος
1450 1656 1638 1708 ε’ποιεῖτο,
1675 1655 1741 1697 καὶ

320 1719 467 1762 αὗτόθι
487 1722 658 1762 πανσυδὶ
677 1721 754 1777 πρὸ
774 1725 845 1763 τοῦ
868 1721 1007 1770 ἄστεος
1027 1723 1272 1775 διεχείμαζεν.
1715 1713 1726 1716 „

408 1805 441 1839 3.
476 1801 705 1850 ἇμβυτηρίων
729 1805 802 1839 cod.

322 1871 492 1911 invadunt,
507 1872 666 1915 bipennes
685 1873 829 1917 desuper
848 1873 1017 1915 deiiciunt,
1037 1874 1182 1918 ingentis
1197 1874 1433 1918 magnitudinis
1451 1885 1533 1908 saxa
1546 1873 1743 1907 devolvunt:

322 1921 500 1960 postremo,
525 1917 645 1950 nullum
663 1917 865 1951 defensionis
880 1919 1019 1952 bellicae
1046 1931 1150 1962 genus
1172 1920 1301 1952 omnino
1326 1918 1615 1965 praetermittunt,
1635 1927 1745 1961 neque

322 1961 428 1993 minus
446 1961 633 1994 inferebant
652 1962 857 2003 detrimenti,
882 1974 979 2006 quam
1004 1964 1225 2007 patiebantur.
1270 1963 1465 2007 Impellebat
1482 1974 1538 1996 eos
1561 1962 1744 2006 periculum

322 2005 529 2037 manifestum
549 2018 589 2039 ac
606 2006 791 2050 desperatio
809 2007 944 2048 salutis,
967 2012 1004 2041 ut
1019 2020 1118 2052 supra
1135 2008 1226 2042 vires
1242 2008 1455 2049 dimicarent,
1477 2007 1745 2052 adversariisque

324 2049 538 2083 audacissime
554 2051 760 2085 resisterent.

411 2096 444 2128 9.
484 2095 701 2134 Quamobrem
724 2096 935 2140 Nicephorus
949 2096 1167 2130 Romanorum
1185 2096 1264 2138 dux,
1286 2096 1345 2130 ubi
1359 2099 1395 2130 et
1409 2096 1538 2130 moenia
1554 2095 1670 2140 oppidi
1683 2094 1743 2128 fit-

322 2149 374 2172 ma
393 2150 537 2182 prorsus,
547 2141 740 2185 omninoque
752 2152 886 2174 accessu
903 2145 938 2174 et
954 2146 1054 2185 captu
1069 2142 1222 2175 difficilia
1232 2141 1501 2186 (haudquaquam
1514 2141 1600 2175 enim
1615 2142 1743 2174 extem-

324 2184 430 2227 porali
448 2185 571 2228 impetu
587 2186 763 2218 conscendi
780 2190 913 2230 poterat
926 2197 1056 2224 murus,
1081 2198 1153 2219 cum
1174 2186 1210 2219 in
1236 2187 1445 2220 altitudinem
1467 2186 1617 2219 sublatus
1637 2183 1743 2229 pluri-

323 2239 425 2269 mam,
447 2233 518 2262 tum
542 2230 667 2263 duabus
689 2231 899 2274 praecinctus
924 2231 1023 2264 fossis
1043 2231 1078 2263 in
1105 2231 1310 2264 altitudinem
1324 2231 1524 2264 consimilem
1545 2229 1743 2274 depressis),

324 2278 360 2306 et
385 2274 598 2307 barbarorum
623 2275 886 2319 desperationem
908 2275 1013 2316 uidit,
1043 2281 1143 2319 atque
1172 2276 1470 2320 propugnationem
1494 2280 1592 2310 extra
1613 2274 1743 2309 modum

320 2329 447 2351 acrem:
472 2319 600 2360 statuit,
623 2331 687 2352 non
706 2321 843 2363 amplius
862 2331 934 2352 cum
952 2320 1081 2353 devotis
1096 2322 1194 2353 morti
1211 2320 1482 2364 defluentibusque
1497 2320 1683 2355 hominibus
1700 2329 1744 2351 ex

319 2362 477 2396 inferiore
496 2363 566 2396 loco
582 2375 710 2398 manum
726 2365 897 2405 conferre,
921 2376 1055 2409 remque
1070 2369 1200 2399 tentare
1215 2376 1359 2399 summae
1377 2365 1598 2406 difficultatis,
1619 2368 1656 2398 et
1672 2363 1744 2397 Ro-

320 2418 449 2441 manum
465 2408 645 2442 exercitum
660 2410 823 2443 inutiliter
837 2409 914 2442 telis
930 2421 1072 2453 superne
1088 2409 1228 2443 deiectis
1255 2416 1355 2454 atque
1377 2410 1599 2444 internecioni
1618 2408 1743 2443 obiice-

320 2464 374 2485 re:
397 2453 476 2486 fami
500 2453 608 2496 potius
631 2454 824 2487 tradendum
841 2466 914 2487 esse
935 2455 1114 2498 oppidum,
1136 2455 1241 2488 donec
1256 2455 1444 2489 testudines
1463 2460 1680 2498 caeterasque
1700 2451 1744 2487 ad

321 2498 575 2541 oppugnandum
592 2499 799 2543 excogitatas
816 2498 984 2532 machinas
1005 2499 1125 2533 idonee
1143 2504 1375 2543 comparasset.
1421 2501 1539 2545 Itaque
1563 2499 1669 2532 dilata
1691 2495 1744 2530 di-

323 2542 498 2575 minatione
511 2544 592 2576 tuba
610 2543 748 2577 militum
763 2545 894 2587 agmina
908 2544 1089 2584 revocavit,
1112 2549 1147 2577 et
1160 2544 1195 2577 in
1213 2549 1323 2578 castra
1338 2544 1482 2579 reduxit.
1529 2543 1659 2583 Quibus
1671 2541 1744 2576 val—

324 2586 355 2618 lo
378 2598 417 2620 ac
434 2588 525 2621 fossa
546 2592 701 2631 quantum
720 2600 802 2632 opus
816 2592 889 2622 erat
905 2588 1038 2621 munitis
1054 2590 1233 2622 exercebat
1248 2590 1379 2630 milites,
1403 2594 1438 2623 et
1454 2587 1656 2633 quotidianis
1672 2589 1743 2620 stu-

325 2630 390 2663 diis
411 2637 448 2665 ut
469 2633 690 2676 peritissimae
715 2633 794 2666 belli
814 2633 954 2677 gerendi
975 2633 1123 2677 legiones
1142 2635 1322 2668 evaderent
1346 2634 1471 2667 effecIt.
1514 2632 1593 2677 Ipse
1613 2632 1743 2665 interea

324 2676 489 2709 machinas
504 2679 546 2710 ab
562 2678 725 2722 operariis
740 2678 879 2712 delectis
895 2677 1067 2719 fabricari,
1090 2679 1303 2713 excursiones
1319 2678 1596 2721 velitationesque
1613 2687 1674 2720 pro
1691 2675 1743 2709 fa-

327 2719 451 2754 cultate
462 2722 537 2756 fieri
554 2722 668 2766 iussit,
687 2727 788 2770 atque
799 2723 847 2760 ibi
861 2733 934 2757 cum
950 2723 1100 2757 omnibus
1113 2724 1218 2768 copiis
1229 2736 1290 2771 pro
1306 2722 1581 2769 oppidosshiemem
1596 2719 1741 2767 peregit.
