1768 3034
310 123 374 170 70
801 132 1003 179 LEONIS
1030 133 1268 180 DIACONI

311 235 441 298 τέφρᾳ
452 269 464 290 ,
502 234 557 286 ὥς
575 237 639 281 ἐπὶ
655 241 883 293 καμινιαίας
902 238 1100 295 αἰθάλης,
1137 242 1203 284 καὶ
1215 240 1388 300 χλιαρᾶν
1411 241 1457 288 δὲ
1477 248 1639 301 παρεῖχε
1657 249 1742 295 τοῖς

313 303 588 362 ἓπαφωμένοις
608 306 732 349 αὐτοῦ
754 307 826 363 τὴν
844 306 1052 361 ποιότητα.

102 370 140 402 Α.
161 368 204 401 Μ.
219 365 311 406 6476

146 416 199 446 Ind
231 416 271 451 ss
417 370 455 420 ι’.
489 370 535 416 ‘0
557 374 600 416 δὲ
615 374 803 428 βασιλεὺς
822 373 1058 431 Νικηφόρος
1079 370 1225 432 (αὖθις
1243 376 1320 432 γὰρ
1341 373 1363 420 ὅ
1385 372 1503 432 λόγος
1531 375 1740 430 ἐπάνεισιν,

126 461 162 493 A,
183 439 219 493 c]
241 461 309 495 953
318 437 434 481 ἔνθεν
454 439 500 481 τὸ
519 439 627 494 ἴχνος
646 440 856 500 ἀπέκλινε),
891 442 965 496 τὴν
978 441 1200 498 Ῥωμαικὴν
1218 443 1441 500 ἀνειληφώς
1462 442 1644 499 δύναμιν,
1682 447 1746 487 ἐπὶ

154 507 177 537 ¹·
202 507 244 538 N·
267 506 292 540 5
320 506 394 560 τὴν
414 507 476 548 ἐπὶ
493 509 644 563 Συρίας
665 507 904 562 Ἀντιόχειαν
925 508 1031 562 ἔθει,
1069 511 1135 553 καὶ
1156 508 1320 567 χάρακα
1350 509 1479 568 ταύτῃ
1504 511 1768 567 πηξάμενος,ξ

317 574 470 629 ἐπείπερ
493 572 760 631 ἀποχρώντως
786 575 934 630 ἔχουσα
948 581 1029 619 τῶν
1050 576 1273 633 ἀναγκαίων
1298 579 1525 635 ἕτραχηλία,
1564 582 1630 621 καὶ
1646 595 1750 634 γαυ-

319 642 491 696 ρουμένη
515 642 557 682 ἐκ
575 646 648 684 τοῦ
674 642 816 692 εὖθέος
840 644 1084 686 σπείσασθαι
1105 644 1178 687 οὖκ
1198 638 1373 700 ἠνείχετο
1380 677 1395 697 ,
1427 645 1484 700 μὴ
1503 644 1750 700 βουλόμενος

283 707 449 761 Βαῦτὴν
473 706 670 752 ἕλεπόλεσι
695 715 984 767 κατεριπῶσαι·
1018 710 1105 768 ᾔδει
1134 712 1211 769 γὰρ
1242 712 1346 755 κατὰ
1370 712 1515 769 μικρὸν
1543 715 1751 770 τροπαίοις

319 776 386 817 καὶ
402 783 601 830 μηχαναῖς
621 775 771 831 ταύτην
789 777 1166 833 παραστησόμενος,
1205 779 1338 834 ὀλίγον
1367 780 1471 836 αὐτῇ
1502 780 1641 837 καιρὸν
1667 798 1749 822 πα-

320 840 667 898 ρακαθισάμενος,
698 847 764 886 καὶ
785 852 872 894 ταῖς
890 844 1062 901 φάλαγξι
1081 848 1148 887 καὶ
1168 852 1226 904 τῷ
1246 845 1384 904 κόσμῳ
1401 851 1482 889 τῶν
1502 845 1635 890 ὅπλων
1652 847 1768 895 τοὺς]

320 907 436 952 ἔνδον
471 909 726 965 καταπλήξας
754 910 828 966 οὐχ
862 911 1027 967 ἥκιστα·
1063 913 1213 956 ἐκεῖθεν
1243 911 1403 970 ἀπάρας
1430 914 1504 968 τὴν
1530 916 1751 970 μεσογαίαν

322 976 421 1032 διῄει
430 1008 444 1029 ‚
480 976 531 1032 ἣν
549 979 614 1019 καὶ
633 980 912 1034 Παλαιστίνην
931 984 1135 1033 καλοῦσιν,
1157 980 1375 1036 εὐδαίμονα
1391 985 1525 1023 πᾶσαν
1547 983 1613 1023 καὶ
1633 981 1762 1038 &ov-2

322 1059 400 1086 σαν
428 1044 517 1097 με’λι
537 1046 603 1086 καὶ
633 1044 760 1100 γάλα,
797 1046 901 1088 κατὰ
925 1047 998 1102 τὴν
1027 1049 1146 1089 θείαν
1178 1046 1363 1104 γραφήν·
1398 1049 1439 1090 ἓν
1466 1050 1572 1107 δεξιᾷ
1604 1049 1648 1090 δὲ
1676 1048 1751 1102 τὴν

322 1112 507 1154 Κιλικίαν
518 1109 593 1166 εἶχε
606 1114 671 1153 καὶ
690 1112 741 1154 τὰ
759 1112 973 1170 παράκτια.
1009 1115 1083 1168 τὴν
1095 1110 1373 1157 ’Έδεσσανοῦν
1392 1115 1651 1171 κατειληφὼς,
1676 1115 1751 1156 κᾶν

321 1183 380 1236 τῷ
402 1183 511 1237 σηκῷ
530 1183 611 1221 τῶν
629 1181 753 1221 θείων
767 1178 1049 1236 Ὁμολογητῶν
1067 1181 1335 1236 εἰσεληλυθώς
1353 1183 1420 1224 καὶ
1443 1182 1490 1224 τὸ
1510 1186 1624 1224 θεῖον
1642 1183 1768 1231 ἔξεο-1

320 1244 592 1299 μενισάμενος,
614 1246 687 1301 τὴν
704 1247 895 1303 στρατιὰν
916 1248 1159 1291 διανέπαυεν.
1194 1247 1353 1304 ἠκηκόει
1369 1249 1459 1305 γὰρ,
1481 1249 1554 1303 τὴν
1570 1250 1612 1291 ἐν
1631 1247 1750 1305 κερά-

321 1329 387 1370 μῳ
417 1330 489 1355 του
519 1317 712 1369 Σωτῆρος
741 1316 808 1355 καὶ
839 1317 945 1358 Θεοῦ
976 1316 1274 1358 ε’κτυπωθεΐσαν
1300 1316 1464 1371 μορφὴν
1492 1317 1533 1357 ἔν
1562 1318 1665 1373 τῷδε
1691 1320 1750 1373 τῷ

289 1380 507 1436 (3(Ῑρουρίῳ
526 1381 889 1436 παρακατέχεσθαι.
927 1383 1207 1436 ἕκτυπωθῇναι
1227 1383 1273 1425 δέ
1290 1398 1390 1439 φασι
1402 1387 1547 1424 τοῦτον
1563 1383 1635 1425 τὸν
1655 1380 1751 1439 τρό-

323 1464 411 1490 πον,
473 1447 684 1490 Θαδδαίου
712 1451 784 1489 τοῦ
815 1447 1042 1490 ἀποστόλου
1065 1447 1250 1507 Ἀβγάρῳ
1270 1449 1371 1505 πρὸς
1392 1453 1464 1491 τοῦ
1483 1454 1676 1506 Σωτῆρος
1693 1453 1751 1507 τῷ

324 1514 601 1568 τῆςἘδέσσης
622 1513 914 1563 ἀποσταλέντος
938 1514 1141 1571 τοπάρχῃ,
1180 1514 1233 1564 ὥς
1261 1516 1384 1558 αὐτὸν
1410 1521 1483 1571 τῆς
1511 1515 1768 1571 συνεχούσηςέ

325 1581 526 1636 παρέσεως
546 1580 613 1622 διὰ
634 1585 706 1622 τοῦ
725 1583 967 1637 θεανδρικοῦ
990 1581 1244 1632 ἀπαλλάξειεν
1267 1582 1549 1637 ε’κτυπώματος
1558 1615 1571 1635 ,
1609 1585 1752 1625 ἐνταυ-

325 1652 406 1690 θοῖ
427 1646 721 1704 παροδεύοντος
750 1647 821 1691 τὸν
853 1649 1025 1702 πέπλον,
1063 1644 1096 1707 ᾧ
1124 1654 1198 1704 τῆς
1229 1650 1353 1692 αὐτοῦ
1380 1654 1544 1706 μορφῆς
1571 1650 1618 1692 τὸ
1649 1648 1767 1698 εἶδος

417 1754 472 1791 19.
501 1751 651 1800 Αὖγάρῳ
674 1750 750 1789 cod.
840 1757 896 1790 22.
919 1753 1189 1798 παροδεύοντος
1205 1769 1235 1790 τ.
1251 1754 1354 1791 πέπλ.
1382 1755 1645 1796 soloecismum,
1657 1767 1753 1799 quem

416 1810 438 1833 a
451 1801 564 1834 Leone
586 1800 760 1834 admissum
780 1812 847 1835 non
866 1801 1004 1842 dubito,
1028 1802 1145 1835 tollere
1168 1801 1277 1846 possis
1300 1802 1434 1845 virgula
1455 1801 1566 1845 posita
1587 1805 1664 1845 post
1688 1798 1754 1835 τὸν

414 1845 555 1887 τρόπον
569 1850 604 1878 et
625 1850 749 1889 puncto
768 1851 845 1890 post
867 1845 1157 1889 παροδεύοντοςι
1181 1858 1255 1879 cum
1285 1847 1580 1881 Thaddaeus—-a
1594 1847 1755 1880 Servato-

420 1903 458 1926 re
474 1892 593 1924 missus
606 1908 649 1916 —
664 1891 711 1923 ibi
722 1892 935 1934 praeteriret.
980 1893 1162 1926 Sudarium
1181 1897 1247 1925 etc.

328 1981 483 2016 turbidus
506 1980 624 2013 favilla
640 1980 737 2029 quasi
753 1991 795 2014 ex
814 1981 998 2015 fornacium
1016 1980 1160 2026 fuligine
1173 1980 1315 2021 mixtus,
1341 1979 1554 2026 tepidamque
1568 1979 1765 2013 declararet:

329 2026 542 2070 tangentibus
565 2036 657 2058 suam
683 2030 845 2059 naturam.

424 2074 476 2105 10.
502 2070 715 2114 Nicephorus
733 2074 844 2103 autem
860 2070 1046 2114 Imperator
1060 2070 1151 2113 (iam
1167 2069 1254 2103 enim
1268 2068 1375 2102 oratio
1393 2079 1432 2101 eo
1451 2068 1646 2108 revertitur,
1666 2067 1756 2100 unde

330 2116 509 2160 vestigium
536 2115 761 2159 inflexerat),
783 2115 941 2148 Romanis
966 2115 1120 2148 assumtis
1146 2114 1270 2158 copiis,
1305 2115 1349 2147 ad
1373 2112 1580 2147 Antiochiam
1600 2112 1635 2145 in
1653 2112 1757 2155 Syria

329 2162 458 2205 magnis
482 2159 657 2193 itineribus
690 2161 882 2200 contendit3
906 2160 1091 2204 castrisque
1111 2159 1154 2192 ad
1173 2160 1291 2192 urbem
1311 2158 1449 2202 positis,
1471 2168 1542 2190 cum
1558 2156 1758 2190 necessariis

330 2207 431 2240 rebus
456 2205 586 2238 abunde
616 2204 782 2238 instructa
812 2205 1020 2249 superbiret,
1047 2215 1195 2248 praeque
1217 2203 1412 2246 arrogantia
1433 2200 1594 2244 evestigio
1610 2200 1757 2234 deditio-

329 2262 404 2285 nem
418 2251 533 2284 facere
548 2254 732 2289 recusaret,
755 2249 830 2293 ipse
846 2261 927 2282 vero
944 2249 1045 2282 nollet
1063 2260 1134 2282 eam
1149 2247 1310 2281 machinis
1327 2247 1466 2281 admotis
1483 2245 1628 2285 diruere,
1648 2245 1757 2278 sciens

330 2295 427 2330 brevi
436 2307 473 2328 se
487 2295 577 2328 illam
591 2293 741 2326 victoriis
758 2298 990 2337 apparatuque
1003 2294 1122 2327 bellico
1139 2294 1359 2332 obtenturum,
1378 2292 1409 2324 si
1427 2290 1522 2324 modo
1541 2289 1661 2333 exiguo
1672 2294 1755 2322 tem-

332 2341 425 2386 poris
437 2339 545 2384 spatio
562 2337 741 2378 obsideret,
756 2338 928 2381 copiisque
948 2343 1049 2382 atque
1066 2338 1182 2370 ordine
1202 2337 1368 2370 exercitus
1379 2335 1563 2380 oppidanos
1580 2335 1758 2367 vehemen-

332 2386 400 2419 tius
419 2384 611 2418 terruisset:
634 2383 713 2416 inde
733 2383 831 2415 motis
851 2382 971 2415 castris
995 2382 1166 2426 regionem
1183 2381 1457 2415 mediterraneam
1474 2378 1634 2423 pervasit,
1658 2389 1759 2422 quam

331 2431 412 2464 item
431 2428 653 2463 Palaestinam
677 2431 819 2467 vocant,
843 2427 983 2471 opimam
1005 2430 1130 2467 totam,
1153 2426 1218 2459 mel
1249 2429 1284 2458 et
1311 2425 1363 2458 lac
1379 2425 1555 2463 fluentem,
1578 2422 1759 2455 secundum

333 2486 462 2509 sacram
488 2473 715 2516 scripturam:
746 2483 767 2504 a
784 2471 904 2504 dextra
920 2477 1028 2504 autem
1051 2471 1170 2504 habuit
1185 2470 1336 2503 Ciliciam
1349 2493 1360 2509 ‚
1381 2479 1535 2511 oramque
1553 2466 1756 2500 maritimam.

333 2520 386 2554 Ibi
408 2531 480 2553 cum
496 2518 659 2552 Edessam
675 2520 882 2560 occupasset,
907 2520 1019 2560 atque,
1035 2515 1070 2548 in
1084 2515 1239 2559 templum
1254 2514 1439 2547 divinorum
1454 2512 1688 2545 Confessorum
1704 2511 1758 2543 in-

335 2576 487 2608 gressus,
511 2573 628 2596 numen
653 2573 754 2606 prece
779 2561 963 2604 placasset,
987 2560 1171 2593 exercitum
1193 2559 1325 2592 refecit.
1370 2556 1554 2590 Audiverat
1575 2555 1661 2588 enim
1680 2556 1757 2588 effi-

334 2610 422 2653 giem
440 2607 631 2642 servatoris
650 2618 690 2640 ac
706 2606 771 2639 Dei
792 2606 909 2644 nostri,
928 2605 1064 2648 tegulae
1080 2605 1285 2648 impressam,
1307 2604 1369 2635 hoc
1385 2602 1420 2634 in
1435 2600 1557 2644 oppido
1578 2599 1759 2633 asservari.

336 2650 443 2694 Quam
468 2663 659 2697 expressam
683 2662 756 2684 esse
781 2651 874 2684 aiunt
900 2650 986 2682 hunc
1005 2649 1040 2682 in
1059 2650 1198 2682 modum.
1245 2647 1460 2685 Thaddaeus‚
1481 2644 1615 2677 divinus
1630 2644 1757 2677 duode—

335 2699 474 2740 cimvir‚
498 2709 571 2731 cum
603 2707 624 2730 a
649 2697 831 2729 Servatore
857 2694 900 2726 ad
932 2695 1103 2736 Abgarum
1119 2694 1270 2727 Edessae
1287 2691 1434 2734 regulum
1453 2692 1542 2721 esset
1562 2689 1698 2728 missus,
1722 2690 1759 2720 ut

336 2753 408 2775 eum
436 2754 457 2776 a
482 2742 637 2776 diuturno
660 2741 821 2785 languore
847 2750 909 2784 per
931 2738 1168 2773 deohumanam
1199 2737 1391 2782 impressam
1415 2733 1563 2777 effigiem
1586 2732 1758 2771 liberaret,
