1748 3094
286 134 386 179 362
679 138 1021 181 LUITPRANDI
1049 136 1303 182 LEGATIO

286 242 383 281 dum
408 242 449 280 in
475 242 603 291 fugam
630 245 847 290 verterent,
876 241 959 278 eius
984 241 1116 292 copias
1146 242 1324 280 omnibus
1353 243 1477 282 modis
1505 243 1702 281 contrive-

286 315 392 348 runt.
446 307 516 345 Est
536 314 574 346 et
599 307 724 356 aliud,
753 306 859 357 quod
875 320 982 344 nunc
1006 307 1269 359 Nicephorum
1290 310 1482 361 compulit
1509 311 1638 362 copias
1660 310 1702 347 in

286 375 469 427 Assyrios
488 375 649 412 ducere:
677 371 871 422 Argorum
891 373 995 411 enim
1020 387 1171 412 omnem
1192 374 1409 425 regionem,
1435 377 1582 425 instans
1600 384 1702 414 tem-

284 456 382 495 pus,
411 443 490 480 Deo
515 441 691 487 iubente,
721 451 766 476 eo
790 452 916 490 usque
934 441 1052 478 sames
1078 441 1250 490 attrivit,
1278 447 1324 479 ut
1342 454 1466 493 neque
1486 443 1606 481 tritici
1624 444 1701 481 duo

285 509 492 561 Papienses
509 504 666 545 sextarii
682 518 796 543 aureo
818 513 1115 558 comparentur,
1143 507 1298 558 hocque
1323 508 1389 546 ubi
1411 509 1563 548 ubertas
1591 510 1702 561 quasi

285 582 431 626 regnat.
487 575 598 612 Hauc
623 578 789 623 pestem,
818 574 990 611 muribus
1011 575 1325 625 cooperantibus,
1353 575 1408 613 ita
1431 575 1629 626 dilatavit,
1658 582 1704 614 ut

284 639 485 679 messionis
506 646 701 690 tempore,
715 664 717 666 -
729 638 921 689 quidquid
940 638 1084 689 ubique
1103 646 1296 679 terrarum
1314 654 1485 679 annonae
1503 648 1597 691 erat,
1624 642 1704 678 mi·

286 706 393 744 nimo
418 705 508 742 dato
526 706 674 756 pretio,
702 706 982 757 possessoribus
999 706 1249 756 eiulantibus,
1280 708 1531 758 congregarit.
1586 708 1703 754 Quod

286 786 379 810 cum
397 772 507 809 iuxta
526 771 839 823 Mesopotamiam
862 773 1027 821 faceret,
1058 773 1125 810 ubi
1142 774 1294 823 frugum
1313 775 1423 825 copia
1440 774 1614 812 muribus
1633 774 1703 811 ab—

287 839 462 877 sentibus
484 845 678 887 creverat,
708 851 843 876 arenae
871 839 987 876 maris
1015 839 1257 876 multitudini
1285 854 1458 878 annonae
1475 840 1703 878 multitudi-

252 907 381 944 Dnem
402 904 638 956 coaequavit.
692 904 814 954 Igitur
837 919 925 942 cum
947 905 1020 943 vili
1045 905 1123 943 hoc
1140 906 1372 944 commercio
1394 907 1562 958 turpiter
1587 907 1704 944 fames

287 974 357 1012 ubi
377 972 608 1018 desaeviret,
638 971 831 1020 octoginta
859 971 982 1008 millia
1009 972 1257 1021 mortalium,
1285 973 1445 1010 obtentu
1466 973 1623 1012 militiae
1640 985 1703 1010 se-
1736 977 1738 979 ’

287 1053 376 1077 cum
406 1036 673 1088 congregavit,
709 1038 849 1088 quibus
883 1051 952 1088 per
989 1037 1217 1075 continuum
1257 1051 1446 1087 mensem,
1485 1039 1592 1089 quod
1623 1052 1703 1076 uno

286 1113 431 1144 emerat
449 1118 585 1153 aureo,
616 1104 763 1142 duobus
782 1105 971 1142 vendidit.
1011 1105 1093 1142 Hae
1112 1110 1216 1151 sunt,
1245 1104 1400 1142 domine
1420 1106 1486 1154 mi,
1511 1118 1587 1155 res,
1607 1119 1704 1156 quae

285 1172 548 1223 Nicephorum
578 1171 708 1221 copias
734 1171 778 1208 in
798 1171 977 1222 Assyrios
996 1185 1103 1209 nunc
1128 1171 1268 1209 ducere
1290 1173 1572 1223 compulerunt.
1621 1173 1705 1210 Sed

287 1239 441 1289 quales,
472 1250 636 1289 quaeso,
666 1237 826 1288 copias'?
854 1238 971 1287 Vere,
1000 1238 1178 1288 inquam,
1205 1251 1286 1275 non
1309 1237 1507 1288 homines,
1536 1239 1603 1276 sed
1633 1239 1703 1276 bo-

287 1303 456 1341 minibus
475 1304 636 1342 similes:
665 1304 803 1354 quibus
827 1304 959 1354 lingua
981 1311 1130 1341 tantum
1150 1318 1318 1355 procax,
1347 1305 1416 1342 sed
1439 1305 1578 1355 frigida
1598 1306 1719 1343 bellot

292 1370 462 1408 dextera.
518 1371 606 1408 Non
630 1369 787 1420 inspicit
811 1370 854 1406 in
873 1370 932 1408 his
958 1370 1200 1422 Nicephorus
1221 1370 1461 1421 qualitatem,
1489 1371 1556 1409 sed
1582 1373 1703 1409 solam

289 1437 563 1487 quantitatem:
592 1436 697 1487 quod
718 1449 833 1486 quam
853 1437 1111 1487 periculosum
1137 1437 1196 1473 illi
1215 1437 1284 1482 sit,
1318 1443 1400 1474 tum
1422 1438 1704 1489 sero'poenite-

251 1502 350 1540 Ebit
374 1515 480 1551 eum,
510 1516 599 1540 cum
625 1503 797 1540 imbelles
824 1503 1006 1553 plurimi,
1034 1503 1282 1540 multitudine
1305 1503 1481 1553 animati,
1510 1518 1533 1541 a
1561 1505 1704 1542 nostris

287 1569 494 1622 perpaucis
512 1569 612 1606 bella
640 1569 871 1617 scientibus,
899 1569 1017 1606 immo
1043 1569 1258 1607 sitientibus
1291 1576 1550 1609 conterentur.
1606 1571 1702 1609 Cum

288 1636 509 1673 obsideritis
534 1637 690 1685 Bareas,
724 1636 886 1674 trecenti
913 1636 1179 1673 tantummodo
1201 1636 1344 1686 Ungari
1370 1637 1479 1674 iuxta
1500 1636 1703 1674 Thessalo—

286 1702 414 1740 nicam
435 1703 661 1753 quingentos
681 1704 846 1741 Graecos
869 1701 1254 1753 comprehenderunt,
1287 1708 1326 1740 et
1347 1700 1389 1740 in
1407 1703 1613 1753 Ungariam
1631 1703 1701 1740 du-

287 1775 444 1806 xerunt.
501 1769 606 1816 Quae
629 1782 709 1819 res,
739 1770 826 1820 quia
850 1782 1034 1820 prospere
1063 1769 1264 1816 successit,
1300 1768 1488 1820 compulit
1519 1769 1702 1806 ducentos

287 1836 548 1885 Ungariorum
571 1837 676 1874 haud
702 1837 817 1885 longe
845 1835 1178 1886 Constantinopoli
1202 1835 1242 1872 in
1274 1835 1499 1873 Macedonia
1524 1834 1703 1872 similiter

290 1902 434 1940 facere:
465 1917 513 1940 ex
547 1904 706 1954 quibus,
740 1915 829 1940 cum
859 1901 1014 1938 incaute
1043 1914 1114 1951 per
1141 1908 1340 1951 angustam
1377 1902 1550 1940 redirent
1585 1901 1700 1948 viam,

291 1968 543 2018 quadraginta
569 1975 659 2006 sunt
687 1969 810 2019 capti3
839 1981 936 2018 quos
955 1980 1060 2004 nunc
1086 1967 1326 2018 Nicephorus
1343 1968 1390 2006 de
1409 1966 1583 2005 custodia
1605 1966 1705 2003 edu—

292 2039 396 2082 ctos,
431 2035 795 2086 pretiosissimisque
823 2034 991 2072 vestibus
1025 2040 1207 2082 ornatos,
1245 2040 1432 2085 patronos
1458 2031 1531 2070 sibi
1559 2038 1598 2069 et
1627 2032 1704 2068 de-

147 2109 187 2141 Ρ,
211 2107 277 2143 486
298 2100 467 2137 fensores
490 2101 664 2150 paravit,
692 2114 820 2138 secum
846 2101 889 2137 in
919 2100 1095 2150 Assyrios
1124 2099 1278 2137 ducens.
1318 2100 1477 2137 >Verum
1506 2097 1627 2147 qualis
1655 2098 1705 2135 sit

154 2153 233 2189 ‘3⁰¹⁶‘
250 2157 269 2188 1
293 2165 374 2203 eius
411 2168 618 2215 exercitus,
648 2167 741 2204 hinc
776 2166 937 2218 potestis
971 2165 1178 2212 coniicere,
1216 2164 1397 2214 quoniam
1435 2164 1504 2215 qui
1545 2165 1703 2201 caeteris

291 2237 510 2285 praestant,
547 2232 718 2270 Venetici
753 2240 843 2271 sunt
881 2238 919 2270 et
945 2229 1216 2282 Amalphitani.
1281 2231 1409 2279 Nunc,
1446 2230 1507 2268 his
1542 2230 1704 2278 omissis,

293 2298 389 2349 quid
409 2297 505 2335 mihi
520 2299 703 2336 acciderit
720 2297 1025 2336 animadvertite.
1081 2299 1198 2333 Sexto
1218 2296 1379 2333 Kalend.
1407 2296 1572 2346 Augusti
1592 2302 1704 2334 extra

292 2364 664 2414 Constantinopolim
681 2364 722 2401 in
743 2365 902 2402 Umbria
923 2377 944 2400 a
963 2356 1180 2413 Nicephoro
1198 2362 1396 2399 licentiam
1417 2363 1548 2412 accepi
1568 2362 1615 2398 a‘d
1634 2375 1703 2398 vos

291 2431 500 2471 redeundi:
533 2442 696 2480 cumque
716 2429 1091 2480 Constantinopolim
1109 2428 1291 2476 venirem,
1314 2427 1614 2479 Christophorus
1631 2427 1703 2463 Pa-

292 2498 428 2536 tricius
449 2495 681 2545 Eunuchus,
711 2495 778 2545 qui
797 2494 1006 2546 Nicephori
1021 2494 1144 2532 vicem
1171 2495 1304 2531 eodem
1327 2493 1444 2543 gerit,
1473 2492 1570 2531 mihi
1591 2505 1702 2528 man·

294 2563 426 2611 davit,
452 2576 533 2600 non
549 2574 660 2614 posse
678 2573 740 2597 me
756 2566 850 2598 tunc
869 2560 1067 2608 recedere,
1096 2560 1186 2610 quia
1207 2559 1385 2597 Saraceni
1409 2564 1502 2595 tunc
1531 2570 1703 2607 occupa-

294 2635 437 2666 verunt
453 2642 576 2677 mare,
605 2635 645 2666 et
659 2627 817 2677 Ungarii
837 2634 1001 2667 terram:
1031 2627 1313 2678 expectandum
1331 2623 1432 2662 mihi
1453 2636 1551 2671 esse,
1582 2622 1703 2659 donec

295 2693 372 2745 ipsi
401 2694 658 2733 discederent:
692 2694 760 2733 sed
788 2699 1019 2744 utrumque,
1045 2693 1147 2745 proh
1182 2693 1317 2741 dolor,
1347 2690 1423 2729 fuit
1447 2688 1703 2728 mendacium.
