1768 3034
201 153 344 199 xxvm
777 160 825 205 C.
852 160 899 206 Β.
928 156 1080 205 HASn

204 273 315 305 vecta
343 263 516 316 undique
542 271 831 318 repeterentur,
873 265 1016 303 accidit
1043 271 1089 303 ut
1116 264 1220 303 inter
1241 263 1404 302 Codices
1431 263 1475 302 in
1503 263 1643 303 urbem

203 333 461 386 reportandos
489 339 589 370 esset
610 332 822 371 Vaticanus
844 333 916 371 No.
936 335 1027 375 163.
1057 332 1167 379 illam
1189 332 1316 384 ipsam
1344 330 1437 369 Iulii
1470 331 1642 369 Pollucis

202 401 408 440 historiam
427 400 702 452 complectens.
757 400 816 438 Ibi
836 413 926 437 cum
943 398 1226 436 intellexissent
1240 404 1516 451 procuratores
1533 399 1643 436 Sum-

201 469 257 507 mi
276 467 486 515 Pontificis‚
508 480 569 504 me
584 467 628 503 in
649 466 903 505 conficiendis
919 466 1022 503 notis
1037 465 1114 504 hoc
1126 466 1268 504 Codice
1285 480 1395 518 aegre
1413 466 1643 515 cariturum,

199 535 493 589 perhumaniter
507 539 750 584 negaverunt
777 547 819 572 se
850 533 1146 583 commissuros,
1175 539 1220 573 ut
1244 547 1267 571 a
1293 547 1336 572 se
1363 533 1505 572 studiis
1545 533 1641 572 meis

201 604 352 642 obesset
371 602 593 653 quicquam,
616 600 966 652 permiseruntque,
997 606 1042 638 ut
1062 613 1184 651 usque
1201 599 1251 637 ad
1268 600 1486 651 editionem,
1496 600 1590 640 libri
1607 600 1643 639 is

201 670 334 709 Codex
354 668 509 708 Parisiis
526 674 756 706 remaneret.
786 668 981 715 Quocirca
998 667 1186 706 maximas
1209 668 1352 718 gratias
1369 674 1408 707 et
1423 682 1494 720 ago
1516 674 1555 706 et
1568 666 1643 706 ha-

199 737 271 775 beo
296 737 390 775 Viro
408 735 625 773 reverendo
645 742 762 786 atque
779 735 837 773 ill.
861 735 1012 773 Marino
1037 735 1202 786 Marini,
1231 735 1278 773 ab
1296 735 1436 774 intimo
1458 734 1641 774 cubiculo

200 802 351 842 Summi
369 802 592 850 Pontificis‚
622 808 660 840 et
678 801 830 840 archivi
844 801 1062 852 Apostoliei
1081 802 1261 840 Vaticani
1278 803 1498 849 Praefecto,
1529 803 1640 841 cuius

201 872 244 909 in
262 871 339 909 hoc
357 870 513 920 negotio
536 868 677 907 eximia
695 868 895 920 studiique
916 869 1033 920 plena
1054 869 1184 907 officia
1202 870 1290 921 erga
1310 883 1372 908 me
1389 870 1655 925 exstiterunt..

204 938 322 985 Quod
351 943 480 975 autem
506 937 698 975 eiusmodi
724 936 933 975 notionum
953 935 1229 976 historicarum
1259 951 1309 976 ne
1331 939 1387 976 sic
1416 937 1575 989 quidem
1596 937 1641 976 in

200 1004 279 1043 hoc
295 1005 415 1042 Tomo
440 1016 646 1055 permagna
671 1009 730 1042 est
755 1003 924 1042 accessio
952 1004 1079 1054 facta,
1108 1017 1191 1042 non
1211 1004 1344 1043 hercle
1366 1005 1552 1057 penuriae
1571 1005 1642 1043 Bi-

201 1071 421 1109 bliothecae
441 1077 621 1120 nostrae,
652 1071 719 1109 sed
744 1070 937 1123 paucitati
957 1085 1171 1118 annorum,
1203 1086 1374 1123 quorum
1394 1079 1499 1123 gesta
1517 1072 1642 1111 tradit

200 1141 278 1178 Leo
303 1138 409 1191 (vide
437 1152 555 1190 supra
576 1138 674 1177 VIII.
697 1135 775 1190 A.)‚
807 1138 928 1176 tribui
951 1138 994 1176 id
1012 1139 1142 1177 velim.
1199 1139 1263 1177 Ad
1282 1140 1476 1188 Psellum,
1507 1153 1637 1177 anno-

199 1221 287 1246 rum
307 1219 432 1258 prope
450 1212 606 1244 centum
629 1205 725 1258 (975
738 1227 758 1234 -
770 1203 893 1256 1060)
923 1205 1148 1243 memoriam
1167 1213 1439 1258 persecutum,
1467 1206 1640 1258 plurima

199 1273 389 1313 eiusmodi
410 1273 558 1311 inedita
585 1273 817 1323 subiungere
839 1285 901 1310 me
927 1286 1042 1324 posse
1062 1286 1201 1324 spero,
1231 1273 1371 1323 quibus
1394 1273 1459 1312 vel
1490 1273 1638 1311 stabili-

196 1349 277 1391 tur,
306 1342 369 1380 vel
390 1340 639 1390 emendatur,
667 1340 733 1380 vel
755 1339 907 1379 ratione
925 1338 1138 1392 multiplici
1158 1338 1422 1391 amplificatur
1440 1339 1522 1378 eius
1539 1353 1638 1379 nar-

196 1409 312 1453 ratio.

297 1520 403 1560 XIV.
431 1518 587 1557 Atenim
607 1531 688 1556 non
710 1530 772 1556 me
790 1518 972 1569 fugiebat,
992 1518 1108 1557 etiam
1124 1525 1176 1575 ¹²¹3
1188 1519 1385 1559 cumulate
1400 1519 1531 1559 officio
1548 1533 1635 1560 meo

195 1587 273 1626 hoc
294 1587 441 1640 duplici
461 1585 620 1624 nomine
641 1584 924 1636 satisfacerem,
940 1593 1088 1645 «tamen
1107 1588 1192 1625 fore
1208 1593 1254 1626 ut
1272 1587 1328 1626 sic
1347 1600 1474 1638 neque
1495 1587 1546 1625 ad
1563 1587 1635 1626 lit-

194 1662 367 1693 terarum
395 1656 631 1694 Graecarum
652 1668 779 1706 neque
799 1654 850 1691 ad
876 1654 1063 1693 historiae
1090 1654 1287 1692 studiosos
1305 1654 1362 1693 ita
1390 1655 1539 1693 multos
1558 1655 1636 1693 mei

197 1723 322 1760 officii
347 1723 497 1761 utilitas
518 1723 744 1775 pertineret.
799 1722 918 1771 Nam,
948 1734 1037 1759 cum
1068 1722 1227 1759 omnino
1250 1722 1295 1760 in
1318 1722 1459 1760 studiis
1476 1722 1635 1773 nostris,

197 1790 358 1828 Graecis
382 1790 469 1828 dieo
482 1820 494 1839 ,
523 1805 604 1828 non
625 1790 676 1828 sit
691 1789 861 1828 maxima
879 1788 991 1840 copia
1013 1802 1148 1827 eorum
1167 1789 1256 1840 qui,
1284 1789 1350 1829 via
1366 1790 1460 1828 trita
1482 1789 1633 1839 relicta,

12 1866 50 1897 P.
77 1866 175 1899 xvm
197 1857 402 1896 interiores
420 1864 645 1895 scrutentur
665 1871 709 1895 ac
729 1856 953 1896 reconditas
972 1854 1122 1894 litteras
1137 1885 1149 1905 ,
1177 1863 1263 1894 tum
1283 1870 1378 1895 vero
1397 1870 1446 1895 ex
1465 1857 1513 1894 iis
1537 1856 1634 1908 ipsis

194 1924 386 1975 exquisite
411 1924 538 1961 doctis
559 1930 699 1975 quotus
728 1924 892 1975 quisque
915 1931 995 1972 est,
1026 1923 1094 1974 qui
1113 1923 1321 1960 lectionem
1338 1923 1539 1975 scriptoris
1555 1924 1634 1976 By.

193 1991 341 2029 zantini
364 1991 412 2029 ad
433 1991 675 2029 subtiliorem
694 1990 954 2041 cognitionem
970 1989 1125 2039 linguae
1143 1989 1352 2040 quicquam
1365 1991 1543 2028 conferre
1560 2005 1634 2042 pu-

194 2059 281 2097 tet?
318 2058 506 2096 Historici
534 2064 663 2095 autem
690 2057 866 2096 homines
885 2070 1008 2109 paene
1028 2070 1159 2094 omnes
1181 2057 1246 2095 vel
1267 2056 1317 2094 ad
1335 2063 1514 2095 veterum
1537 2057 1632 2096 illo-

193 2139 282 2164 rum
309 2139 469 2177 prorsus
496 2125 748 2176 antiquorum
772 2124 947 2163 divinam
970 2122 1217 2172 memoriam,
1252 2123 1318 2162 vel
1344 2124 1394 2162 ad
1413 2138 1475 2163 res
1496 2131 1632 2165 nostra

192 2199 427 2245 patrumque
458 2192 643 2229 memoria
673 2197 740 2229 aut
760 2192 943 2231 subtilius
970 2198 1007 2229 et
1029 2190 1318 2242 temperantius,
1338 2197 1406 2229 aut
1426 2191 1632 2243 splendide

194 2274 239 2298 ac
259 2259 491 2298 mirabiliter
512 2264 656 2308 gestas,
684 2259 751 2296 vel
774 2264 876 2296 certe
899 2258 949 2296 ad
971 2258 1139 2308 origines
1159 2259 1398 2310 populorum
1423 2259 1542 2298 hodie
1562 2259 1630 2298 vi-

193 2327 367 2378 gentium
395 2325 670 2374 illustrandas,
714 2339 807 2363 cura
848 2323 955 2362 omni
992 2325 1199 2376 studioque
1231 2326 1460 2377 rapiuntur:
1498 2327 1630 2379 pauci,

193 2394 301 2445 iique
322 2395 396 2446 ipsi
417 2393 581 2431 invitius
600 2398 667 2430 aut
694 2391 934 2429 fastidiosius
947 2421 958 2440 ‚
989 2392 1145 2429 annales
1169 2392 1376 2430 excutiunt
1394 2395 1629 2433 senescentis

194 2461 349 2512 imperii
387 2474 433 2498 ac
461 2461 621 2500 ruituri.
691 2460 943 2511 Quapropter
974 2472 1045 2510 per
1069 2465 1182 2496 notas
1208 2459 1383 2498 obtinere
1411 2461 1543 2510 volui,
1583 2468 1630 2500 ut

195 2529 310 2577 paulo
342 2528 458 2566 latius
487 2542 573 2566 mea
599 2541 718 2579 opera
743 2532 915 2578 pateret,
945 2526 993 2563 ad
1023 2539 1161 2576 eosque
1182 2526 1277 2564 item
1295 2527 1508 2578 pertineret
1518 2534 1535 2578 ‚'
1559 2528 1629 2579 qui

196 2595 396 2633 alieniores
423 2596 502 2634 sint
528 2609 549 2632 a
576 2595 690 2634 rebus
707 2593 955 2645 Byzantinis:
985 2593 1147 2643 ideoque
1176 2594 1224 2631 de
1247 2594 1527 2644 significatione
1546 2608 1629 2633 vo·-

197 2674 285 2697 cum
306 2662 483 2699 nondum
506 2662 599 2700 satis
618 2661 776 2699 definita
793 2674 981 2712 parumve
994 2661 1193 2699 intellecta
1211 2661 1369 2700 uberius
1385 2661 1529 2712 passim
1544 2661 1628 2699 dis·
1662 2685 1668 2690 -

196 2727 331 2778 putavi
355 2727 398 2766 in
427 2728 529 2767 notis
558 2735 597 2767 et
614 2728 754 2768 fusius.
800 2729 886 2776 Qua
905 2729 948 2766 in
966 2742 1009 2767 re
1036 2729 1187 2780 saepius
1209 2729 1447 2781 scriptorum
1470 2728 1628 2769 Attico-
