1768 3034
6 1313 33 1415 agga-135:
5 1270 27 1308 3⁹*
16 1254 19 1257 .

0 575 34 1243 *Qss‘mmffekmvw-*www
15 553 17 555 ·
2 494 27 511 -:..'
0 387 31 427 ⁷7
0 306 13 370 ΤΤ
0 130 32 258 ,ΤΤΤῙΤΪῨ
0 54 1 58 Τ

38 1180 41 1181 ’
31 504 58 610 ’ἕλη-’ω’
39 446 56 480 ¹4„
33 363 50 392 ἐν
29 312 46 335 ²⁴«
32 238 55 298 >³435
38 203 39 207 „
33 35 57 186 ⁴·*·“'‘'⁴3',=»·'*⁴‡4·„
46 0 58 14 1,,

0 1631 35 1677 354„
0 1487 28 1621 μὴν*
6 1412 29 1477 mx:
5 1397 7 1400 ·

685 164 1023 212 PRAEFATIO,
1467 171 1577 203 1111

127 285 219 313 rum
238 271 433 329 rationem
450 270 595 311 habere
610 271 852 324 potuissem,
881 271 1048 311 fortasse
1062 268 1184 309 etiam
1205 268 1438 310 debuissem.
1492 269 1577 310 Ve-

35 351 49 371 e·
126 353 218 381 rum
237 353 308 392 ego
327 340 385 379 sic
406 340 542 380 iudico
565 339 709 393 (dicam
733 340 838 378 enim
861 352 945 378 nou
967 351 1152 379 reverens
1167 338 1211 377 in
1234 351 1280 378 re
1301 338 1467 377 obscura
1484 339 1576 390 glo—

35 423 57 446 ‚2
126 407 259 447 riandi
281 399 581 460 suspicionem):
610 407 718 459 quod
744 407 788 445 in
818 419 975 458 quoque
993 405 1209 459 plurimum
1236 412 1316 455 est,
1344 405 1423 444 hoc
1442 405 1575 458 ipsum

127 474 165 514 is
183 474 432 528 potissimum
459 475 638 514 conferre
664 475 780 513 debet
807 474 857 513 ad
885 473 1165 527 locupletanda
1194 472 1417 512 communia
1443 473 1575 512 studia

51 566 54 567 ν
126 547 276 581 nuh-a.
332 541 414 581 Iam
436 555 531 581 vero
554 548 646 595 post
668 541 928 594 complurium
950 554 1145 580 annorum
1166 541 1369 580 assiduum
1387 541 1575 590 laborem,

40 612 43 625 ³
74 660 77 662 Ι
127 621 208 662 quo
226 609 454 660 Gatalogum
476 610 601 649 codd.
624 610 865 648 Graecorum
896 609 941 648 in
958 608 1240 648 Bibliothecam
1265 608 1478 647 maximam
1496 608 1576 647 Pa-

125 675 330 716 risiensem
346 688 485 716 recens
503 677 706 716 illatorum
724 678 775 716 ad
805 678 924 716 finem
943 676 1204 730 perduxeram
1217 707 1229 725 ,
1256 676 1576 729 postpueritiam

127 749 168 783 et
188 744 359 796 primam
387 745 691 784 adolescentiam
717 745 761 784 in
778 745 857 784 hoc
880 744 1102 783 studiorum
1121 757 1262 794 genere
1286 744 1480 796 positam,
1508 756 1576 782 ne-

126 811 275 850 rnin-
294 825 375 850 esse
397 813 632 866 scriptorem
650 813 771 866 paulo
793 812 1053 850 illustriorem
1074 810 1265 860 arbitror,
1294 824 1419 863 neque
1435 811 1575 863 profa-

119 891 223 923 ‚num
240 892 370 931 neque
389 892 544 918 sacran
556 909 568 928 ,
599 880 668 931 qui
684 894 706 918 a
722 880 968 932 temporibus
986 878 1270 918 Theodosianis
1289 891 1413 930 usque
1427 878 1477 916 ad
1492 878 1575 917 rui-

126 958 219 985 nam
235 946 393 999 imperii
414 946 627 986 Orientalis
644 947 792 986 Graece
809 946 1026 999 scripserit,
1049 960 1163 998 quem
1182 959 1264 984 non
1282 946 1338 984 ita
1356 946 1573 996 tractarim,

125 1019 175 1052 ut
191 1027 275 1052 nou
293 1014 424 1066 aliqua
440 1014 523 1052 eius
538 1028 630 1067 pars
649 1014 691 1053 in
709 1014 897 1053 memoria
915 1028 999 1053 mea
1017 1016 1175 1067 penitus
1190 1014 1391 1054 insideret.
1449 1013 1571 1052 Scho-

125 1080 181 1119 lia
194 1108 207 1128 ,
238 1087 415 1131 catenas,
441 1081 720 1134 paraphrases,
750 1082 1049 1132 commentaria,
1078 1082 1223 1135 partim
1240 1082 1370 1120 minus
1385 1081 1463 1132 legi
1479 1080 1573 1119 soli—

125 1153 190 1197 ta,
218 1148 366 1200 partim
384 1149 544 1186 omnino
564 1149 744 1187 nondum
764 1149 865 1188 edita
878 1179 890 1199 ,
918 1150 1006 1189 fieri
1027 1164 1110 1189 non
1134 1149 1268 1203 potuit
1287 1148 1384 1200 quin
1404 1148 1459 1186 ita
1477 1161 1573 1200 per-

125 1220 357 1265 tractarem,
384 1221 433 1253 ut
460 1229 597 1254 eorum
617 1216 788 1267 aliquam
813 1223 918 1255 certe
939 1218 1143 1257 notionem
1169 1229 1361 1270 caperem.
1419 1214 1573 1263 Quam-

127 1281 282 1332 obrem,
309 1283 343 1321 si
362 1282 507 1336 passim
526 1296 578 1321 ex
595 1281 795 1332 Patribus,
825 1282 1068 1334 scholialtis,
1094 1284 1342 1332 rhetoribus,
1371 1283 1575 1322 illustrare

128 1349 373 1403 quaestiones
392 1350 568 1402 aliquot,
598 1350 738 1389 afferre
762 1349 948 1402 phrases,
976 1351 1219 1405 locupletare
1239 1350 1407 1399 Lexica,
1433 1355 1575 1388 notare

128 1430 282 1457 errores
310 1418 501 1469 quosdam
521 1418 723 1471 superiore
748 1418 936 1456 memoria
967 1421 1193 1459 commissos
1224 1419 1332 1473 (nam
1362 1418 1410 1455 ab
1437 1430 1575 1468 aequa-

125 1485 227 1525 lium
256 1499 439 1535 censura,
478 1499 577 1538 quae
599 1499 685 1524 mea
710 1491 853 1523 natura
883 1491 962 1535 est,
1000 1487 1162 1526 omnino
1191 1483 1378 1537 abstinui)
1409 1491 1573 1523 conatus

127 1566 229 1603 sum,
256 1566 340 1591 non
355 1552 445 1591 ideo
464 1552 508 1590 id
525 1553 613 1602 feci,
644 1552 750 1604 quod
767 1552 840 1591 hos
858 1554 1097 1593 recentiores
1117 1554 1333 1606 scriptores
1351 1553 1436 1592 ullo
1452 1552 1572 1590 modo

120 1621 414 1674 ‚comparandos
433 1633 516 1658 esse
534 1634 622 1659 cum
641 1620 926 1671 antiquioribus
945 1622 1252 1674 capitalibusque
1267 1620 1348 1659 illis
1369 1620 1572 1669 ducebam,

130 1701 229 1740 quos
249 1701 364 1727 nemo
382 1688 527 1739 opinor
543 1693 602 1725 est
619 1688 717 1739 quin
738 1689 876 1727 crebro
891 1696 1091 1740 regustare
1112 1690 1267 1741 cupiat,
1295 1687 1339 1725 in
1359 1687 1483 1739 iisque
1502 1700 1574 1725 ac-

129 1754 323 1806 quiescat3
351 1767 477 1805 neque
494 1754 600 1804 quod
619 1768 748 1793 meum
765 1756 988 1795 studiorum
1005 1769 1126 1807 genus
1140 1767 1360 1807 proponere
1377 1753 1420 1791 in
1437 1767 1573 1797 exem-,

126 1822 239 1876 plum
259 1822 366 1872 aliis,
395 1820 707 1860 adolescentibus
726 1823 957 1875 praecipue,
986 1822 1126 1861 velim:
1155 1822 1226 1860 sed
1244 1820 1336 1872 quia
1354 1820 1398 1858 in
1419 1834 1465 1860 eo
1481 1821 1572 1860 loco

126 1889 173 1928 in
198 1903 320 1941 eoque
348 1901 510 1927 munere
532 1889 794 1939 constitutus,
822 1896 870 1927 ut
892 1896 1064 1929 tractare
1089 1888 1282 1929 eiusmodi
1306 1889 1456 1940 scripta
1480 1902 1572 1927 cum

127 1955 180 1995 ad
227 1955 472 1995 voluntatem
509 1956 658 2008 possim
673 1987 686 2007 ,
722 1962 809 1994 tum
847 1971 923 2009 pro
958 1957 1093 1996 officio
1130 1956 1313 2003 debeam,
1351 1955 1396 1993 id
1435 1955 1570 2006 malui,

128 2022 237 2076 quod
258 2021 326 2061 alii
349 2023 479 2061 minus
503 2024 707 2063 commode
725 2030 908 2076 possent,
936 2038 1067 2075 agere,
1098 2038 1216 2076 quam
1236 2026 1341 2076 quod
1357 2025 1477 2064 iidem
1496 2039 1570 2065 ae-

129 2103 205 2142 que
223 2089 324 2130 bene
342 2096 457 2142 atque
476 2104 569 2142 ego,
595 2097 664 2130 aut
680 2092 796 2130 etiam
814 2093 939 2131 multo
957 2106 1020 2131 me
1033 2092 1187 2132 melius.

960 2147 978 2166 fl

239 2202 330 2242 XV.
359 2202 601 2254 Accedebat,
630 2206 737 2256 quod
756 2206 799 2244 in
824 2205 1030 2245 Britannia
1055 2219 1201 2245 novam
1228 2207 1439 2246 editionem
1464 2207 1569 2245 The-

129 2267 238 2306 sauri
265 2268 519 2320 Stephaniani
550 2272 682 2323 parari
715 2273 944 2322 audiebam,
983 2274 1034 2312 ad
1059 2288 1222 2326 eamque
1249 2275 1572 2327 locupletandam

128 2333 239 2373 viros
262 2335 404 2391 doctos
435 2338 599 2376 editioni
618 2341 863 2392 praepositos
884 2354 1003 2380 voces
1024 2342 1203 2380 nondum
1230 2342 1274 2380 in
1293 2343 1437 2380 Lexica
1458 2355 1574 2380 rece-

126 2398 219 2454 ptas
242 2402 417 2454 undique
436 2406 635 2458 aucupari.
692 2408 824 2455 Quare
841 2409 1059 2459 vocabula,
1090 2409 1230 2460 quibus
1258 2409 1413 2458 adhuc,
1444 2422 1572 2459 quan-

127 2474 215 2507 tum
232 2469 337 2518 scio,
363 2471 506 2509 Lexica
528 2480 663 2511 carent
684 2474 856 2527 (enotavi
880 2483 1010 2515 autem
1029 2467 1246 2528 multiplici
1268 2477 1439 2514 lectione
1458 2489 1570 2514 com-

126 2536 243 2589 plura
259 2535 425 2589 millia),
451 2540 597 2590 passim
615 2541 801 2580 subiunxi
812 2572 823 2588 ,
855 2544 1080 2594 gratificans
1100 2543 1406 2595 Lexicographis
1421 2544 1570 2596 potius,

1594 2420 1735 2455 Exn}

129 2616 249 2655 quam
268 2604 375 2655 quod
398 2605 442 2642 in
466 2606 658 2645 eiusmodi
676 2609 805 2648 verbis
826 2610 1016 2650 addendis
1034 2625 1219 2663 magnum
1241 2611 1471 2662 ponendum
1488 2624 1571 2650 esse
1600 2624 1607 2632 ·

127 2676 390 2721 momentum,
418 2679 488 2711 aut
514 2674 763 2724 gloriandum
786 2683 934 2728 putem.
989 2679 1061 2729 Egi
1087 2679 1131 2716 id
1160 2691 1344 2730 quoque,
1377 2684 1423 2716 ut
1444 2691 1570 2718 voca-

127 2735 221 2775 bula
238 2735 476 2791 phrasesque
500 2741 711 2795 praecipue
729 2756 779 2782 ex
809 2744 1070 2797 scriptoribus
1099 2744 1180 2783 illis
1208 2757 1424 2797 sumerem,
1453 2746 1524 2798 qui
1545 2759 1569 2784 a
