1748 3094
252 171 354 219 402
641 210 644 213 .
706 175 759 218 .C.
787 175 832 218 B.
866 171 1016 216 HASII
1042 170 1242 215 NOTAE

247 283 351 327 sico.
383 285 421 325 6.
441 280 484 319 B.
512 279 715 331 sequentia
736 284 775 322 2.
797 278 846 317 D.
867 271 1130 331 ἀποχρώντως
1146 272 1222 329 γοῖρ
1240 270 1373 323 ἄλλοις
1392 267 1616 329 ἱστόρηται,
1645 285 1697 312 ex

246 338 412 391 Agathia
435 337 501 381 56.
522 337 565 376 B.
1436 354 1439 357 -
1619 353 1621 355 ·

361 403 463 443 Ibid.
490 405 562 442 lin.
584 407 649 446 20.
682 401 789 454 εἴπερ
815 396 1022 453 ὀφθαλμοὶ
1049 397 1163 439 ὤτων
1185 392 1422 449 morimeam,
1449 392 1557 437 καθ’
1584 392 1701 449 Ἡρό-

250 460 394 512 δοτον]
424 461 645 498 Herodotus
666 458 821 506 Chone,
852 459 892 498 8.
912 470 952 508 p.
971 460 1011 498 7.
1036 450 1135 495 Ὦτα
1153 450 1227 506 γοὲρ
1245 449 1427 516 τυγχάνει
1446 448 1700 505 ἀνθρώποισι

249 514 366 558 ἐόντα
391 512 636 567 ἅπιστῶτερα
659 510 892 564 ὀφθαλμῶν.
950 511 1191 549 Imitationes
1215 508 1379 546 Luciani
1396 508 1458 546 'De
1482 508 1702 558 saltatione,

250 575 347 616 813.
413 573 467 609 De
494 570 688 609 conscrib.
716 569 810 607 hist.
843 572 935 611 622.
995 569 1049 605 De
1075 567 1212 611 domo,
1249 564 1342 606 461.
1367 569 1405 601 et
1430 563 1572 602 Iuliani
1598 564 1701 615 Imp.
1730 567 1733 569 ’

202 658 207 663 ,
250 628 376 681 Epist.
408 628 458 666 ad
484 628 618 665 Leont.
646 626 740 668 140.
767 625 814 663 A.
836 623 983 676 partim
1004 623 1140 661 laudat
1160 620 1401 659 Borheckius
1425 619 1628 672 Apparatu
1652 619 1704 658 ad

249 685 441 724 Herodot.
458 684 506 722 11.
527 683 621 725 455.
1021 734 1025 741 .
1443 733 1480 741 -

364 752 468 792 Ibid.
499 753 572 791 lin.
605 755 673 794 23.
707 747 805 790 κατοῖ
836 746 902 789 τὸν
932 745 1159 800 Νοὲμβριον
1185 748 1316 799 μῆνα,
1353 746 1475 810 viic—31
1509 743 1702 796 ἰνδίκτου]

250 823 339 862 Hoc
357 829 414 861 est
433 836 534 860 anno
559 821 650 860 Chr.
671 821 764 863 959.
786 819 832 857 In
855 818 997 855 Codice
1014 817 1080 855 hic
1101 830 1170 868 per
1196 815 1355 866 siglam,
1388 819 1486 866 ινδ.,
1515 815 1584 854 sed
1605 815 1704 854 infe-

250 880 336 918 rius
365 882 430 922 29.
464 878 503 915 C.
527 883 566 915 et
589 880 682 919 110.
706 878 746 914 C.
774 889 845 927 per
871 874 1041 924 singulas
1061 873 1235 921 litteras,
1266 871 1463 913 ἰνδίκτου·
1492 873 1558 916 57.
1580 871 1627 910 Α.
1646 871 1703 911 ἴν-

253 936 399 975 δικτον.
455 933 513 971 Ac
539 934 716 985 profecto
741 932 808 970 vel
837 944 885 968 ex
912 929 1111 979 Ducangio
1142 929 1311 966 Glossar.
1337 929 1430 971 517.
1463 928 1504 969 A.
1534 933 1702 977 constat,

253 992 418 1029 formam
440 988 470 1042 ἦ
490 989 660 1036 ἴνδικτος
679 1002 761 1026 non
785 986 912 1025 minus
935 986 1179 1037 frequentem
1199 997 1280 1021 esse
1300 998 1417 1036 quam
1437 982 1467 1037 ἦ
1488 984 1702 1024 ἰνδικτίων.
1736 1019 1738 1021 ,

252 1047 387 1096 Neque
413 1046 493 1093 fere
520 1045 658 1083 dubito
687 1044 847 1082 eandem
874 1056 1011 1080 vocem
1034 1039 1317 1096 restituendam
1345 1040 1594 1092 inscriptioni
1620 1052 1704 1078 non

254 1101 442 1153 ignobili,
472 1115 493 1138 a
513 1099 823 1141 Montefalconio
842 1099 987 1136 relatae
1007 1095 1282 1148 l‘alaeograph.
1305 1096 1442 1138 Graec.
1463 1096 1555 1139 174.
1569 1096 1618 1134 C:

1227 1155 1276 1213 s

309 1200 1224 1249 QHIOGOAQPOTZUYAHQSAPXIEHICK
1289 1201 1574 1240 ΚΑΠΙΛΙΟΤ

315 1272 861 1338 ἸὈΤΠΕΡᾹΒΛἎΝΘΙῩΠΑ
867 1275 928 1313 ΤΟ
934 1268 1182 1315 ΥΕΊΤΤΧΩ
1188 1264 1524 1315 ΟΑΝΕΝΕΩΘΗ

310 1347 380 1384 Κο
387 1348 433 1383 r.
447 1372 457 1383 .
470 1373 479 1382 .
494 1345 691 1383 OTOJXO
697 1341 1127 1382 CmspAHHmNO
1133 1342 1235 1380 cro
1241 1342 1348 1377 YAA
1353 1339 1718 1389 MHP⁵INA⁵B÷.

101 1430 141 1462 Ρ.
168 1429 233 1464 189
257 1429 365 1479 Legit
381 1434 419 1465 et
434 1427 717 1478 interpretatur
732 1423 1059 1463 Montefalconius
1089 1424 1179 1464 173.
1198 1421 1253 1458 D:
1281 1416 1378 1460 Ἐπὶ
1401 1416 1610 1474 Θεοδώρου
1627 1425 1703 1462 τοῦ

257 1480 476 1537 ἇγιωτάτου
502 1478 827 1534 οῗρχιεπισκόπου,
859 1479 926 1519 καὶ
952 1483 1000 1518 Λ.
1028 1479 1172 1524 Πιλίου
1196 1479 1269 1517 τοῦ
1289 1475 1546 1529 περιβλέπτου
1568 1474 1700 1518 ἀνθυ-

257 1537 407 1590 πάτου,
439 1535 607 1590 εὐτυχῶς
629 1533 838 1587 ἀνενεώθη
861 1551 966 1591 novt.
985 1563 995 1572 .
1017 1564 1026 1574 .
1048 1563 1056 1571 .
1077 1532 1101 1573 o‘
1118 1537 1264 1584 τοῖχος,
1292 1531 1479 1580 ’ὑπατείας
1500 1532 1580 1584 [vel
1597 1531 1700 1574 ’ὖπά-

257 1595 344 1646 του]
375 1596 552 1646 Φλαβίου
580 1590 803 1639 Ἀππίωνος
830 1594 905 1631 τοῦ
934 1585 1207 1642 λαμπροτάτου
1231 1585 1487 1641 Ἰνλουστρίου
1508 1590 1551 1640 ·.β
1613 1590 1699 1628 Sub

266 1650 462 1690 D'zeodoro
483 1651 736 1686 sanctissimo
762 1648 1053 1698 archiepiscopo
1067 1677 1078 1695 ‚
1109 1652 1143 1682 et
1164 1645 1217 1685 A.
1238 1645 1348 1682 Pilio
1369 1646 1580 1695 conspicuo
1598 1660 1700 1697 pro·

257 1708 431 1756 consule,
458 1707 637 1756 feliciter
667 1711 919 1743 restam-atus·
949 1709 1005 1738 est
1034 1715 1195 1750 murac,
1238 1701 1396 1746 consule
1419 1698 1480 1741 Fl.
1514 1700 1699 1753 Appiana

257 1759 579 1814 splendidissimo
602 1762 760 1799 Illustri
779 1764 817 1802 2.
834 1760 910 1808 vel,
925 1765 1020 1809 post
1040 1758 1296 1796 consulatum
1312 1758 1395 1794 eius
1413 1770 1517 1795 anno
1535 1762 1574 1800 2.
1623 1759 1699 1796 Ea-

259 1820 347 1857 dem
367 1818 625 1870 inscriptione
646 1817 841 1855 Relandus
862 1815 904 1852 in
926 1814 1049 1852 Fastis
1067 1827 1184 1863 usus,
1212 1813 1307 1864 legit
1326 1814 1544 1863 Καπιλίου,
1579 1812 1698 1865 Capi-

256 1876 333 1924 lio,
379 1877 463 1912 viro
501 1874 710 1925 spectabili
741 1871 999 1923 proconsule,
1038 1884 1119 1908 non
1150 1869 1250 1907 male
1289 1867 1451 1920 opinor:
1490 1868 1562 1920 vix
1593 1870 1697 1909 enim

257 1931 514 1978 credendum,
552 1929 801 1967 Iustinianeis
837 1926 1078 1978 temporibus
1112 1938 1349 1977 praenomen
1379 1924 1491 1974 Auli,
1530 1931 1576 1963 ut
1603 1926 1697 1964 vult

255 1985 603 2034 Montesalconius,
635 1985 795 2034 antiquo
819 1985 1083 2021 Romanorum
1104 1994 1212 2019 more
1232 1980 1558 2031 appellationibus
1577 1994 1695 2033 prae-

255 2040 377 2078 fixum
416 2041 544 2081 fuisse.
614 2040 760 2078 Deinde
788 2037 1133 2077 Montefalconium
1166 2036 1347 2087 suspicor
1381 2049 1548 2084 errasse,
1585 2038 1694 2088 quod.

254 2096 552 2146 inscriptionem
592 2097 641 2133 ad
677 2109 824 2134 annum
854 2095 1019 2132 alterum
1054 2098 1145 2144 post
1172 2091 1391 2144 Appionem
1428 2091 1513 2130 Cos.
1546 2094 1719 2131 retule-'

253 2152 329 2199 rit,
360 2152 427 2201 qui
450 2159 507 2189 est
529 2166 560 2192 a.
592 2152 681 2189 Chr.
708 2154 801 2194 541.
858 2150 1010 2188 Etenim
1039 2155 1210 2186 extrema
1234 2148 1359 2185 lineae
1382 2147 1518 2186 tertiae
1546 2148 1602 2186 sic
1619 2162 1692 2200 po-

252 2207 333 2244 tius
358 2207 538 2256 legenda,
569 2204 723 2247 ’ὑπάτου
751 2208 930 2259 Φλαβίου
955 2202 1172 2251 Ἀππίωνος
1196 2206 1269 2243 τοῦ
1297 2201 1592 2256 λαμπροτάτου.
1631 2205 1691 2245 ἶν-

250 2263 386 2302 δίκτου
408 2261 609 2315 δευτέρας,
639 2264 706 2300 ΡΙ.
724 2264 906 2313 Appione
928 2262 975 2300 V.
1002 2261 1059 2300 Cl.
1088 2260 1172 2298 Cos.
1189 2258 1404 2296 indictione
1421 2260 1475 2299 II.
1533 2260 1691 2313 Quippe

217 2326 379 2361 Bannus
398 2320 499 2367 539,
531 2318 598 2368 qui
618 2325 675 2355 est
694 2319 752 2356 Fl.
771 2318 978 2370 Appionis‚
1006 2316 1183 2367 profecto
1210 2315 1354 2352 incidit
1370 2315 1411 2352 in
1433 2316 1598 2354 alterum
1618 2317 1693 2354 in—

253 2374 454 2412 dictionis:
494 2387 619 2410 annus
649 2380 777 2411 autem
808 2374 887 2416 541
916 2373 1074 2411 nomine
1102 2372 1231 2422 potius
1253 2371 1311 2411 Fl.
1339 2371 1473 2409 Basilii
1501 2371 1688 2422 Iunioris,

250 2450 347 2482 tunc
369 2444 492 2481 fasces
507 2442 707 2491 habentis,
737 2443 944 2493 insignitus
970 2442 1113 2481 suisset.
1170 2441 1216 2478 In
1241 2441 1336 2490 sigla
1349 2429 1440 2491 ἶν-δ,
1475 2454 1571 2493 quae
1607 2441 1690 2480 sere

251 2506 297 2537 ut
312 2504 333 2539 λ
353 2500 395 2536 in
414 2499 611 2536 codicibus
638 2498 884 2545 efformatur‚
913 2498 981 2535 alii
999 2510 1152 2548 quoque
1171 2496 1438 2535 offenderunt:
1466 2498 1574 2536 velut
1590 2497 1687 2535 Lab-

249 2556 297 2594 be
319 2555 497 2593 Michabl·
554 2555 677 2604 GlyCss
694 2557 788 2596 308.
812 2555 857 2593 A.
880 2551 998 2606 λόγου
1018 2549 1086 2605 ιγ’·
1114 2553 1218 2603 lege,
1249 2553 1325 2592 ἰνδ.
1346 2550 1406 2606 ιγ’.

358 2614 463 2662 Pag.
490 2614 527 2653 6.
552 2610 620 2649 lin.
643 2613 678 2654 1.
709 2608 778 2650 τὸν
798 2611 887 2661 βίον
914 2605 1204 2659 μετηλλαχότος]
1237 2609 1368 2646 Codex
1393 2604 1685 2660 μετηλλαχότος,

250 2678 380 2704 errore
406 2666 567 2706 librarii.
625 2665 781 2705 Phrasis
809 2665 948 2703 Leonis
970 2665 1091 2716 petita
1119 2678 1200 2702 esse
1219 2670 1348 2714 potest
1377 2677 1427 2703 ex
1448 2663 1496 2701 11.
1514 2663 1686 2702 Maccab.

247 2734 286 2758 V·
314 2722 351 2763 5.
378 2718 654 2773 μετηλλαχότος
679 2719 748 2762 τόν
779 2722 870 2773 βίον
895 2717 1105 2772 Ἀντιόχου.
1167 2720 1383 2757 Locutione
1415 2715 1687 2771 μεταλλάττειν

245 2773 315 2818 τόν
331 2778 422 2828 βίον
438 2778 501 2818 vel
519 2773 787 2830 μεταλλάττειν
807 2776 1061 2829 simpliciter,
1090 2775 1192 2814 nihil
1209 2775 1411 2814 usitatius:
1439 2781 1534 2814 nota
1549 2777 1685 2828 μεταλ-
