1734 3028
256 616 606 678 CAROLI
652 618 971 678 BENED.
1013 619 1263 677 HASII

598 752 662 788 IN
693 752 918 788 LIBRUM

340 855 421 895 DE
447 854 880 896 VELITATIONE
908 854 1174 895 BELLICA

87 962 791 1015 NICEPHORI
871 928 1431 1016 Aueus'ri

183 1086 382 1131 NOTAE
410 1086 833 1131 PHILOLOGICAE
859 1088 939 1158 ΕΤ
965 1086 1323 1131 HISTORICAE.

146 1370 253 1422 Pag.
284 1373 377 1414 181
406 1372 551 1410 ΠΕΡΙ
569 1371 959 1411 ΠΑΡΑΔΡΟΜΗΣ
981 1368 1284 1421 ΠΟΛΕΜΟΥ]
1313 1369 1412 1408 Cum
1430 1381 1482 1409 ex
1501 1379 1544 1419 P
1566 1380 1634 1419 265

35 1424 221 1464 universo
242 1426 391 1475 libello,
421 1432 509 1464 tum
530 1427 700 1464 maxime
720 1440 770 1464 ex
788 1439 874 1478 cap.
895 1440 953 1466 Π.
970 1431 1092 1478 patet,
1110 1423 1374 1478 παραδρομήν
1387 1437 1482 1478 pro-

34 1481 125 1533 prie
145 1495 239 1530 esse,
257 1457 414 1534 quando
438 1482 682 1521 adversarios
698 1482 776 1520 iter
795 1482 982 1520 facientes
999 1495 1021 1519 a
1036 1481 1160 1520 latere
1185 1481 1395 1531 comitaris,
1414 1494 1484 1520 ex-

33 1512 304 1592 ploratoribus
334 1545 374 1576 et
398 1538 719 1590 praecursoribus
735 1539 887 1576 circum
919 1537 1039 1586 fusis,
1067 1543 1115 1576 ut
1144 1551 1219 1589 pro
1243 1538 1427 1576 facultate
1443 1543 1484 1576 et

36 1590 170 1631 hostes
200 1608 222 1631 a
247 1594 532 1632 vastationibus
562 1608 715 1643 arceas,
746 1601 785 1632 et
808 1595 866 1632 rei
896 1594 995 1632 bene
1014 1594 1203 1644 gerendae
1225 1594 1482 1644 occasionem,

37 1647 74 1686 ei
88 1662 130 1687 se
150 1649 304 1700 offerat,
332 1663 383 1688 ne
406 1650 574 1690 amittas.
631 1650 775 1688 Eadem
796 1650 973 1688 bellandi
992 1650 1107 1698 ratio,
1136 1649 1368 1687 adversariis
1389 1663 1486 1688 con-

37 1703 279 1754 sidentibus,
316 1712 485 1743 vocatur
510 1703 743 1758 παραμονή,
784 1706 876 1748 141.
899 1707 945 1744 D.
977 1706 1069 1748 142.
1096 1678 1145 1745 'A.
1176 1711 1215 1743 et
1243 1704 1485 1756 παραμένειν

39 1761 133 1803 141.
157 1761 198 1798 C.
221 1762 266 1798 D.
292 1762 383 1804 144.
407 1762 452 1799 Δ.
471 1762 515 1798 D.
539 1763 630 1804 145.
654 1762 697 1800 B.
719 1763 764 1800 D.
806 1762 870 1799 Ad
889 1761 1183 1814 exprimendam
1203 1774 1340 1800 vocem
1352 1769 1486 1813 παρα·-

33 1814 168 1869 ·δρομὴ
190 1830 280 1855 cum
313 1817 435 1855 verba
461 1819 721 1866 consectatio,
751 1820 983 1866 assectatio,
1013 1817 1256 1865 observatio,
1287 1817 1488 1854 iaculatio

38 1875 230 1924 equestris
253 1872 318 1926 (de
340 1886 414 1924 qua
434 1874 476 1912 C.
494 1873 666 1911 Plinium
685 1873 906 1911 Secundum
924 1874 1072 1912 librum
1090 1872 1292 1924 scripsisse
1310 1872 1485 1923 scimus),

37 1929 266 1981 neutiquam
287 1930 567 1977 satisfacerent,
587 1935 784 1981 postremo
794 1943 930 1967 vocem
954 1929 1136 1967 velitatio
1151 1929 1261 1979 elegi,
1286 1941 1385 1980 quae
1400 1928 1485 1967 vim

38 1984 112 2032 rei,
141 1992 329 2036 quantum
352 1984 510 2036 quidem
531 1985 668 2022 Latine
688 1985 878 2035 intelligo,
898 1986 1019 2037 paulo
1040 1985 1171 2022 minus
1195 1985 1297 2022 male
1319 1983 1485 2023 reddere

38 2039 257 2079 videbatun
314 2041 539 2079 Lambecius
566 2042 782 2079 Comment.
807 2042 855 2079 de
883 2042 983 2079 Bibl.
1017 2041 1121 2079 Caes.
1148 2040 1232 2079 VII.
1251 2040 1345 2083 432.
1366 2040 1485 2077 nimis

38 2097 253 2146 generatim
285 2098 410 2135 vertit
439 2099 505 2134 De
531 2112 574 2134 re
605 2098 801 2145 militari,
832 2097 1034 2135 Fabricius
1059 2095 1245 2136 Biblioth.
1265 2096 1405 2134 Graec.
1420 2096 1485 2133 VI.

39 2152 135 2193 347.
162 2152 211 2188 de
235 2153 437 2190 eventibus
465 2153 619 2190 bellicis·
640 2161 676 2190 et
695 2155 945 2190 excursiones
988 2153 1238 2203 Quantopere
1257 2152 1486 2190 fluctum-im

0 2225 2 2227 ·
38 2206 85 2244 iu
115 2220 214 2246 voce
239 2208 450 2257 vertenda,
476 2209 542 2246 vel
571 2222 620 2246 ex
648 2209 812 2247 diversis
834 2208 1224 2304 intcerpretationibus
1252 2202 1355 2246 meis
1371 2207 1520 2260 patetB

0 2264 136 2332 3:117.
164 2263 214 2302 A.
234 2265 325 2306 125.
346 2265 390 2302 B.
413 2240 505 2307 1'27.
520 2265 564 2303 Β.
583 2265 675 2308 152.
697 2265 742 2305 A.
767 2265 911 2308 157·C

150 2330 255 2379 Pag·
286 2331 378 2372 185
408 2331 480 2370 lin.
511 2335 576 2374 11
605 2348 636 2387 ῳ
665 2329 842 2371 Μελεϊι
809 2347 865 2378 ος
892 2327 1119 2383 ἐπίκλησις]
1148 2330 1265 2369 Hunc
1289 2331 1485 2367 Constan-

0 2396 5 2433 ζ
39 2382 170 2423 finum
202 2385 414 2423 Meleinum
439 2387 581 2425 ducem
608 2373 885 2439 Cappadociae
912 2401 944 2428 a.
972 2391 1066 2430 960.
1097 2387 1181 2425 sive
1204 2389 1296 2429 961.
1325 2395 1487 2436 operam

0 2439 20 2490 ξς
41 2440 266 2492 praebuisse
296 2442 418 2479 Leoni
447 2441 597 2481 Phocae
624 2443 667 2481 in
687 2443 936 2495 expeditione
956 2449 1094 2482 eontra
1113 2441 1408 2481 Chambdanum
1422 2437 1488 2475 vi·-

0 2502 10 2549 ’,-
38 2495 179 2534 demus
210 2509 260 2534 ex
289 2498 505 2547 fragmento
536 2498 720 2537 Chronici
746 2499 907 2548 inediti,
937 2500 1045 2551 quod
1073 2498 1162 2536 dedi
1186 2510 1305 2547 supra
1328 2498 1419 2536 199.
1443 2493 1487 2531 G·

0 2563 6 2581 ἰ
40 2549 228 2592 Variatur
254 2552 297 2590 in
319 2553 514 2605 scriptura
529 2552 752 2605 Μαλεϊνός,
779 2554 973 2605 Mazs'tv„
1004 2551 1200 2600 Μελεϊνὸς
1214 2558 1253 2589 et
1276 2548 1486 2595 Μελέίνος.

0 2663 5 2675 ,-
153 2621 258 2671 Pag,
290 2623 382 2663 186-
413 2621 483 2661 lin.
517 2625 582 2664 12.
611 2622 679 2662 καὶ
704 2618 918 2690 α’κριτικῶν
943 2618 1146 2672 θεμάτων]
1164 2617 1305 2670 ’Ἀκραι
1325 2620 1419 2653 sunt
1433 2613 1492 2651 li-

0 2680 10 2722 ’ξ’
44 2673 156 2712 m¹t⁸⁸
180 2689 357 2727 ΠΠΡΘῙἨ,
390 2679 483 2719 122-
509 2677 556 2715 A·
589 2680 679 2720 123
707 2678 750 2716 C.
779 2691 869 2728 ergo
892 2674 1073 2726 ακριτικοὶ
1090 2673 1244 2725 θέματα
1260 2669 1489 2723 provinciae

0 2725 11 2771 ἶ
45 2729 90 2766 iu
110 2732 295 2768 extremis
313 2731 458 2770 finibus
479 2732 590 2782 sitae,
620 2733 864 2781 limitum-ae,
895 2735 987 2774 157
1006 2732 1050 2771 Β.
1087 2729 1203 2767 Unde
1222 2727 1399 2766 homines
1417 2724 1489 2776 qui

0 2784 191 2824 limites
210 2786 391 2825 habitant
424 2784 579 2842 ἆκρῖται
598 2795 794 2828 vocantur
813 2793 906 2831 122.
926 2788 975 2826 D.
1272 2819 1274 2821 ,

0 2817 9 2867 Ξ
135 2850 206 2885 Leo
227 2851 407 2887 Βίαοοπω.
1164 2841 1219 2882 33
