<?xml version="1.0" encoding="UTF-8"?>
<!DOCTYPE html PUBLIC "-//W3C//DTD XHTML 1.0 Transitional//EN"
    "http://www.w3.org/TR/xhtml1/DTD/xhtml1-transitional.dtd">
<html xmlns="http://www.w3.org/1999/xhtml" xml:lang="en" lang="en">
 <head>
  <title>
</title>
<meta http-equiv="Content-Type" content="text/html;charset=utf-8" />
  <meta name='ocr-system' content='tesseract 3.04.00' />
  <meta name='ocr-capabilities' content='ocr_page ocr_carea ocr_par ocr_line ocrx_word'/>
</head>
<body>
  <div class='ocr_page' id='page_1' title='image "./corpusscriptorum33niebuoft_0022.png"; bbox 0 0 1722 3042; ppageno 0'>
   <div class='ocr_carea' id='block_1_1' title="bbox 91 258 1722 1453">
    <p class='ocr_par' dir='ltr' id='par_1_1' title="bbox 219 252 1722 851">
     <span class='ocr_line' id='line_1_1' title="bbox 228 258 1667 313; baseline 0 -13"><span class='ocrx_word' id='word_1_1' title='bbox 228 274 308 313; x_wconf 84' lang='lat' dir='ltr'><strong>quo</strong></span> <span class='ocrx_word' id='word_1_2' title='bbox 333 260 433 300; x_wconf 87' lang='lat' dir='ltr'><strong>flatu</strong></span> <span class='ocrx_word' id='word_1_3' title='bbox 459 259 623 311; x_wconf 80' lang='lat' dir='ltr'><strong>collegia</strong></span> <span class='ocrx_word' id='word_1_4' title='bbox 644 258 835 298; x_wconf 88' lang='lat' dir='ltr'><strong>litteraria</strong></span> <span class='ocrx_word' id='word_1_5' title='bbox 862 264 901 298; x_wconf 89' lang='lat' dir='ltr'><strong>et</strong></span> <span class='ocrx_word' id='word_1_6' title='bbox 924 258 1104 310; x_wconf 83' lang='lat' dir='ltr'><strong>religiosa</strong></span> <span class='ocrx_word' id='word_1_7' title='bbox 1118 258 1304 298; x_wconf 85' lang='lat' dir='ltr'><strong>universa</strong></span> <span class='ocrx_word' id='word_1_8' title='bbox 1333 260 1498 312; x_wconf 73' lang='lat' dir='ltr'><strong>evertit,</strong></span> <span class='ocrx_word' id='word_1_9' title='bbox 1510 261 1667 310; x_wconf 59' lang='lat' dir='ltr'><strong>,eodem</strong></span> 
     </span>
     <span class='ocr_line' id='line_1_2' title="bbox 226 325 1666 379; baseline -0.001 -13"><span class='ocrx_word' id='word_1_10' title='bbox 226 334 273 366; x_wconf 89' lang='lat' dir='ltr'><strong>ut</strong></span> <span class='ocrx_word' id='word_1_11' title='bbox 294 327 417 366; x_wconf 88' lang='lat' dir='ltr'><strong>multa</strong></span> <span class='ocrx_word' id='word_1_12' title='bbox 437 327 512 366; x_wconf 90' lang='lat' dir='ltr'><strong>alia</strong></span> <span class='ocrx_word' id='word_1_13' title='bbox 529 326 674 378; x_wconf 89' lang='lat' dir='ltr'><strong>ingenii</strong></span> <span class='ocrx_word' id='word_1_14' title='bbox 696 332 950 365; x_wconf 91' lang='lat' dir='ltr'><strong>monumenta</strong></span> <span class='ocrx_word' id='word_1_15' title='bbox 972 325 1118 365; x_wconf 87' lang='lat' dir='ltr'><strong>chartis</strong></span> <span class='ocrx_word' id='word_1_16' title='bbox 1135 325 1352 365; x_wconf 86' lang='lat' dir='ltr'><strong>reconditis</strong></span> <span class='ocrx_word' id='word_1_17' title='bbox 1372 327 1578 379; x_wconf 50' lang='lat' dir='ltr'><strong>mandrita,</strong></span> <span class='ocrx_word' id='word_1_18' title='bbox 1607 330 1666 370; x_wconf 88' lang='lat' dir='ltr'><strong>sic</strong></span> 
     </span>
     <span class='ocr_line' id='line_1_3' title="bbox 220 392 1667 447; baseline 0.002 -14"><span class='ocrx_word' id='word_1_19' title='bbox 220 395 320 433; x_wconf 76' lang='lat' dir='ltr'><strong>item</strong></span> <span class='ocrx_word' id='word_1_20' title='bbox 347 394 504 433; x_wconf 79' lang='lat' dir='ltr'><strong>ultimas</strong></span> <span class='ocrx_word' id='word_1_21' title='bbox 530 395 717 447; x_wconf 77' lang='lat' dir='ltr'>reliquias</span> <span class='ocrx_word' id='word_1_22' title='bbox 743 392 963 433; x_wconf 80' lang='lat' dir='ltr'><strong>sedulitatis</strong></span> <span class='ocrx_word' id='word_1_23' title='bbox 994 393 1298 432; x_wconf 85' lang='lat' dir='ltr'><strong>Combefisianae</strong></span> <span class='ocrx_word' id='word_1_24' title='bbox 1330 393 1558 447; x_wconf 77' lang='lat' dir='ltr'><strong>dissipavit,</strong></span> <span class='ocrx_word' id='word_1_25' title='bbox 1595 403 1667 436; x_wconf 78' lang='lat' dir='ltr'><strong>aut</strong></span> 
     </span>
     <span class='ocr_line' id='line_1_4' title="bbox 223 445 1722 523; baseline 0.001 -22"><span class='ocrx_word' id='word_1_26' title='bbox 223 461 368 501; x_wconf 87' lang='lat' dir='ltr'><strong>obruit.</strong></span> <span class='ocrx_word' id='word_1_27' title='bbox 425 462 539 501; x_wconf 84' lang='lat' dir='ltr'>Certe</span> <span class='ocrx_word' id='word_1_28' title='bbox 573 475 702 514; x_wconf 89' lang='lat' dir='ltr'><strong>neque</strong></span> <span class='ocrx_word' id='word_1_29' title='bbox 726 467 815 500; x_wconf 86' lang='lat' dir='ltr'><strong>tum</strong></span> <span class='ocrx_word' id='word_1_30' title='bbox 842 474 932 500; x_wconf 89' lang='lat' dir='ltr'><strong>cum</strong></span> <span class='ocrx_word' id='word_1_31' title='bbox 954 461 1225 512; x_wconf 85' lang='lat' dir='ltr'><strong>expilarentur</strong></span> <span class='ocrx_word' id='word_1_32' title='bbox 1249 460 1413 501; x_wconf 82' lang='lat' dir='ltr'><strong>libraria</strong></span> <span class='ocrx_word' id='word_1_33' title='bbox 1437 462 1514 502; x_wconf 80' lang='lat' dir='ltr'><strong>FF.</strong></span> <span class='ocrx_word' id='word_1_34' title='bbox 1530 463 1666 504; x_wconf 86' lang='lat' dir='ltr'><strong>Domi·</strong></span> <span class='ocrx_word' id='word_1_35' title='bbox 1703 445 1722 523; x_wconf 57' lang='grc' dir='ltr'><strong>ἓ</strong></span> 
     </span>
     <span class='ocr_line' id='line_1_5' title="bbox 221 527 1666 581; baseline 0.002 -14"><span class='ocrx_word' id='word_1_36' title='bbox 221 529 476 580; x_wconf 86' lang='lat' dir='ltr'><strong>nicanorum,</strong></span> <span class='ocrx_word' id='word_1_37' title='bbox 507 543 633 580; x_wconf 89' lang='lat' dir='ltr'><strong>neque</strong></span> <span class='ocrx_word' id='word_1_38' title='bbox 662 542 752 567; x_wconf 86' lang='lat' dir='ltr'><strong>cum</strong></span> <span class='ocrx_word' id='word_1_39' title='bbox 779 534 873 581; x_wconf 85' lang='lat' dir='ltr'><strong>post</strong></span> <span class='ocrx_word' id='word_1_40' title='bbox 903 528 1170 581; x_wconf 78' lang='lat' dir='ltr'><strong>surreptiones</strong></span> <span class='ocrx_word' id='word_1_41' title='bbox 1190 529 1319 569; x_wconf 85' lang='lat' dir='ltr'><strong>varias</strong></span> <span class='ocrx_word' id='word_1_42' title='bbox 1339 527 1436 568; x_wconf 84' lang='lat' dir='ltr'>libri</span> <span class='ocrx_word' id='word_1_43' title='bbox 1453 528 1548 568; x_wconf 86' lang='lat' dir='ltr'><strong>inde</strong></span> <span class='ocrx_word' id='word_1_44' title='bbox 1562 530 1666 570; x_wconf 82' lang='lat' dir='ltr'><strong>resi·</strong></span> 
     </span>
     <span class='ocr_line' id='line_1_6' title="bbox 222 580 1722 649; baseline 0.001 -14"><span class='ocrx_word' id='word_1_45' title='bbox 222 596 292 635; x_wconf 87' lang='lat' dir='ltr'><strong>dui</strong></span> <span class='ocrx_word' id='word_1_46' title='bbox 323 602 394 648; x_wconf 83' lang='lat' dir='ltr'><strong>per</strong></span> <span class='ocrx_word' id='word_1_47' title='bbox 410 596 668 634; x_wconf 82' lang='lat' dir='ltr'><strong>bibliothecas</strong></span> <span class='ocrx_word' id='word_1_48' title='bbox 695 595 866 634; x_wconf 84' lang='lat' dir='ltr'><strong>diversas</strong></span> <span class='ocrx_word' id='word_1_49' title='bbox 885 595 1172 649; x_wconf 82' lang='lat' dir='ltr'><strong>diriberentur,</strong></span> <span class='ocrx_word' id='word_1_50' title='bbox 1200 596 1414 649; x_wconf 85' lang='lat' dir='ltr'><strong>quicquam</strong></span> <span class='ocrx_word' id='word_1_51' title='bbox 1433 595 1483 635; x_wconf 89' lang='lat' dir='ltr'><strong>de</strong></span> <span class='ocrx_word' id='word_1_52' title='bbox 1496 596 1667 649; x_wconf 75' lang='lat' dir='ltr'><strong>repertis</strong></span> <span class='ocrx_word' id='word_1_53' title='bbox 1705 580 1722 593; x_wconf 38' lang='grc' dir='ltr'><strong>ἦ</strong></span> 
     </span>
     <span class='ocr_line' id='line_1_7' title="bbox 221 661 1722 713; baseline 0.001 -12"><span class='ocrx_word' id='word_1_54' title='bbox 221 663 441 702; x_wconf 85' lang='lat' dir='ltr'><strong>Combefisii</strong></span> <span class='ocrx_word' id='word_1_55' title='bbox 472 662 626 702; x_wconf 89' lang='lat' dir='ltr'><strong>schedis</strong></span> <span class='ocrx_word' id='word_1_56' title='bbox 654 662 830 701; x_wconf 86' lang='lat' dir='ltr'><strong>auditum</strong></span> <span class='ocrx_word' id='word_1_57' title='bbox 850 668 929 712; x_wconf 88' lang='lat' dir='ltr'><strong>est,</strong></span> <span class='ocrx_word' id='word_1_58' title='bbox 955 661 1102 702; x_wconf 89' lang='lat' dir='ltr'><strong>nedum</strong></span> <span class='ocrx_word' id='word_1_59' title='bbox 1122 663 1172 704; x_wconf 86' lang='lat' dir='ltr'><strong>de</strong></span> <span class='ocrx_word' id='word_1_60' title='bbox 1188 664 1435 705; x_wconf 82' lang='lat' dir='ltr'><strong>versionibus</strong></span> <span class='ocrx_word' id='word_1_61' title='bbox 1454 663 1598 704; x_wconf 87' lang='lat' dir='ltr'><strong>Leonis</strong></span> <span class='ocrx_word' id='word_1_62' title='bbox 1624 670 1666 703; x_wconf 93' lang='lat' dir='ltr'><strong>et</strong></span> <span class='ocrx_word' id='word_1_63' title='bbox 1719 703 1722 713; x_wconf 78' lang='lat'><strong>.-</strong></span> 
     </span>
     <span class='ocr_line' id='line_1_8' title="bbox 219 728 1722 784; baseline 0.003 -15"><span class='ocrx_word' id='word_1_64' title='bbox 219 730 354 769; x_wconf 91' lang='lat' dir='ltr'><strong>Pselli:</strong></span> <span class='ocrx_word' id='word_1_65' title='bbox 383 742 481 781; x_wconf 91' lang='lat' dir='ltr'><strong>quae</strong></span> <span class='ocrx_word' id='word_1_66' title='bbox 508 730 574 768; x_wconf 87' lang='lat' dir='ltr'><strong>vel</strong></span> <span class='ocrx_word' id='word_1_67' title='bbox 594 730 638 768; x_wconf 88' lang='lat' dir='ltr'><strong>in</strong></span> <span class='ocrx_word' id='word_1_68' title='bbox 653 730 801 768; x_wconf 86' lang='lat' dir='ltr'><strong>latebra</strong></span> <span class='ocrx_word' id='word_1_69' title='bbox 820 728 951 780; x_wconf 83' lang='lat' dir='ltr'><strong>aliqua</strong></span> <span class='ocrx_word' id='word_1_70' title='bbox 967 728 1147 780; x_wconf 76' lang='lat' dir='ltr'><strong>ignorata</strong></span> <span class='ocrx_word' id='word_1_71' title='bbox 1166 731 1403 771; x_wconf 88' lang='lat' dir='ltr'><strong>delitescunt</strong></span> <span class='ocrx_word' id='word_1_72' title='bbox 1418 731 1574 784; x_wconf 86' lang='lat' dir='ltr'><strong>adhuc,</strong></span> <span class='ocrx_word' id='word_1_73' title='bbox 1597 732 1664 773; x_wconf 79' lang='lat' dir='ltr'><strong>vel</strong></span> <span class='ocrx_word' id='word_1_74' title='bbox 1719 751 1722 759; x_wconf 76' lang='lat'><strong><em>=</em></strong></span> 
     </span>
     <span class='ocr_line' id='line_1_9' title="bbox 219 795 1420 851; baseline 0.003 -15"><span class='ocrx_word' id='word_1_75' title='bbox 219 796 346 851; x_wconf 88' lang='lat' dir='ltr'><strong>(quod</strong></span> <span class='ocrx_word' id='word_1_76' title='bbox 366 796 486 848; x_wconf 88' lang='lat' dir='ltr'><strong>magis</strong></span> <span class='ocrx_word' id='word_1_77' title='bbox 504 804 565 837; x_wconf 89' lang='lat' dir='ltr'><strong>est</strong></span> <span class='ocrx_word' id='word_1_78' title='bbox 582 797 782 844; x_wconf 81' lang='lat' dir='ltr'><strong>credibile)</strong></span> <span class='ocrx_word' id='word_1_79' title='bbox 800 795 960 834; x_wconf 88' lang='lat' dir='ltr'><strong>omnino</strong></span> <span class='ocrx_word' id='word_1_80' title='bbox 982 795 1101 836; x_wconf 88' lang='lat' dir='ltr'><strong>hodie</strong></span> <span class='ocrx_word' id='word_1_81' title='bbox 1118 798 1420 841; x_wconf 83' lang='lat' dir='ltr'><strong>interciderunt.</strong></span> 
     </span>
    </p>

    <p class='ocr_par' dir='ltr' id='par_1_2' title="bbox 215 863 1722 1394">
     <span class='ocr_line' id='line_1_10' title="bbox 330 863 1722 915; baseline 0.002 -12"><span class='ocrx_word' id='word_1_82' title='bbox 330 865 398 905; x_wconf 85' lang='lat' dir='ltr'><strong>lv.</strong></span> <span class='ocrx_word' id='word_1_83' title='bbox 428 865 579 915; x_wconf 83' lang='lat' dir='ltr'><strong>Quare,</strong></span> <span class='ocrx_word' id='word_1_84' title='bbox 609 864 676 904; x_wconf 91' lang='lat' dir='ltr'><strong>ubi</strong></span> <span class='ocrx_word' id='word_1_85' title='bbox 701 863 821 903; x_wconf 86' lang='lat' dir='ltr'><strong>semel</strong></span> <span class='ocrx_word' id='word_1_86' title='bbox 836 863 879 901; x_wconf 89' lang='lat' dir='ltr'><strong>in</strong></span> <span class='ocrx_word' id='word_1_87' title='bbox 899 863 1073 908; x_wconf 86' lang='lat' dir='ltr'><strong>animum</strong></span> <span class='ocrx_word' id='word_1_88' title='bbox 1092 865 1328 905; x_wconf 80' lang='lat' dir='ltr'><strong>induxeram</strong></span> <span class='ocrx_word' id='word_1_89' title='bbox 1347 867 1516 906; x_wconf 88' lang='lat' dir='ltr'><strong>Leonem</strong></span> <span class='ocrx_word' id='word_1_90' title='bbox 1531 865 1577 906; x_wconf 90' lang='lat' dir='ltr'><strong>in</strong></span> <span class='ocrx_word' id='word_1_91' title='bbox 1591 867 1677 913; x_wconf 43' lang='lat' dir='ltr'><strong>lix-2</strong></span> <span class='ocrx_word' id='word_1_92' title='bbox 1720 902 1722 915; x_wconf 67' lang='lat'>÷</span> 
     </span>
     <span class='ocr_line' id='line_1_11' title="bbox 221 930 1664 986; baseline 0.001 -16"><span class='ocrx_word' id='word_1_93' title='bbox 221 945 304 970; x_wconf 90' lang='lat' dir='ltr'><strong>cem</strong></span> <span class='ocrx_word' id='word_1_94' title='bbox 333 933 534 985; x_wconf 87' lang='lat' dir='ltr'><strong>proferre,</strong></span> <span class='ocrx_word' id='word_1_95' title='bbox 561 932 649 971; x_wconf 86' lang='lat' dir='ltr'><strong>fieri</strong></span> <span class='ocrx_word' id='word_1_96' title='bbox 671 930 850 984; x_wconf 86' lang='lat' dir='ltr'><strong>oportuit</strong></span> <span class='ocrx_word' id='word_1_97' title='bbox 876 944 1020 970; x_wconf 82' lang='lat' dir='ltr'><strong>novam</strong></span> <span class='ocrx_word' id='word_1_98' title='bbox 1048 932 1413 986; x_wconf 83' lang='lat' dir='ltr'><strong>interpretationem</strong></span> <span class='ocrx_word' id='word_1_99' title='bbox 1438 934 1522 974; x_wconf 88' lang='lat' dir='ltr'><strong>eius</strong></span> <span class='ocrx_word' id='word_1_100' title='bbox 1547 934 1664 972; x_wconf 77' lang='lat' dir='ltr'><strong>Lati..</strong></span> 
     </span>
     <span class='ocr_line' id='line_1_12' title="bbox 218 998 1673 1053; baseline 0.001 -15"><span class='ocrx_word' id='word_1_101' title='bbox 218 1014 331 1039; x_wconf 85' lang='lat' dir='ltr'><strong>nam:</strong></span> <span class='ocrx_word' id='word_1_102' title='bbox 361 1007 471 1039; x_wconf 84' lang='lat' dir='ltr'><strong>extra</strong></span> <span class='ocrx_word' id='word_1_103' title='bbox 491 1014 617 1053; x_wconf 88' lang='lat' dir='ltr'><strong>pauca</strong></span> <span class='ocrx_word' id='word_1_104' title='bbox 635 1014 734 1053; x_wconf 90' lang='lat' dir='ltr'><strong>quae</strong></span> <span class='ocrx_word' id='word_1_105' title='bbox 749 1012 869 1051; x_wconf 88' lang='lat' dir='ltr'><strong>supra</strong></span> <span class='ocrx_word' id='word_1_106' title='bbox 886 998 994 1049; x_wconf 80' lang='lat' dir='ltr'><strong>dixi,</strong></span> <span class='ocrx_word' id='word_1_107' title='bbox 1023 998 1067 1037; x_wconf 87' lang='lat' dir='ltr'><strong>in</strong></span> <span class='ocrx_word' id='word_1_108' title='bbox 1086 1001 1242 1039; x_wconf 82' lang='lat' dir='ltr'><strong>Criticis</strong></span> <span class='ocrx_word' id='word_1_109' title='bbox 1258 1001 1436 1053; x_wconf 76' lang='lat' dir='ltr'><strong>Fagianis</strong></span> <span class='ocrx_word' id='word_1_110' title='bbox 1450 1007 1673 1053; x_wconf 40' lang='lat' dir='ltr'><strong>conservae,</strong></span> 
     </span>
     <span class='ocr_line' id='line_1_13' title="bbox 217 1066 1722 1121; baseline -0.001 -15"><span class='ocrx_word' id='word_1_111' title='bbox 217 1074 270 1106; x_wconf 88' lang='lat' dir='ltr'><strong>ta.</strong></span> <span class='ocrx_word' id='word_1_112' title='bbox 327 1068 476 1107; x_wconf 87' lang='lat' dir='ltr'><strong>Deinde</strong></span> <span class='ocrx_word' id='word_1_113' title='bbox 508 1067 726 1119; x_wconf 88' lang='lat' dir='ltr'><strong>conquisivi</strong></span> <span class='ocrx_word' id='word_1_114' title='bbox 752 1081 853 1118; x_wconf 90' lang='lat' dir='ltr'><strong>quae</strong></span> <span class='ocrx_word' id='word_1_115' title='bbox 871 1067 922 1105; x_wconf 89' lang='lat' dir='ltr'><strong>ad</strong></span> <span class='ocrx_word' id='word_1_116' title='bbox 950 1067 1231 1107; x_wconf 86' lang='lat' dir='ltr'><strong>illustrandum</strong></span> <span class='ocrx_word' id='word_1_117' title='bbox 1250 1068 1486 1121; x_wconf 85' lang='lat' dir='ltr'><strong>scriptorem</strong></span> <span class='ocrx_word' id='word_1_118' title='bbox 1503 1066 1682 1121; x_wconf 30' lang='grc' dir='ltr'><strong>φθοῖς-ἰ,-</strong></span> <span class='ocrx_word' id='word_1_119' title='bbox 1720 1107 1722 1111; x_wconf 71' lang='grc'>,</span> 
     </span>
     <span class='ocr_line' id='line_1_14' title="bbox 218 1124 1722 1200; baseline -0.002 -26"><span class='ocrx_word' id='word_1_120' title='bbox 218 1141 320 1174; x_wconf 88' lang='lat' dir='ltr'><strong>rent.</strong></span> <span class='ocrx_word' id='word_1_121' title='bbox 376 1136 464 1185; x_wconf 89' lang='lat' dir='ltr'><strong>Sed,</strong></span> <span class='ocrx_word' id='word_1_122' title='bbox 494 1148 611 1187; x_wconf 88' lang='lat' dir='ltr'><strong>opera</strong></span> <span class='ocrx_word' id='word_1_123' title='bbox 631 1134 707 1172; x_wconf 86' lang='lat' dir='ltr'><strong>iam</strong></span> <span class='ocrx_word' id='word_1_124' title='bbox 725 1135 805 1173; x_wconf 89' lang='lat' dir='ltr'><strong>fere</strong></span> <span class='ocrx_word' id='word_1_125' title='bbox 820 1135 931 1187; x_wconf 88' lang='lat' dir='ltr'><strong>prelo</strong></span> <span class='ocrx_word' id='word_1_126' title='bbox 948 1141 1106 1186; x_wconf 80' lang='lat' dir='ltr'><strong>parata,</strong></span> <span class='ocrx_word' id='word_1_127' title='bbox 1135 1135 1361 1188; x_wconf 86' lang='lat' dir='ltr'><strong>perspicere</strong></span> <span class='ocrx_word' id='word_1_128' title='bbox 1379 1134 1504 1187; x_wconf 86' lang='lat' dir='ltr'><strong>coepi,</strong></span> <span class='ocrx_word' id='word_1_129' title='bbox 1532 1147 1665 1187; x_wconf 86' lang='lat' dir='ltr'><strong>quan-</strong></span> <span class='ocrx_word' id='word_1_130' title='bbox 1681 1124 1691 1152; x_wconf 56' lang='grc'><strong>“·’</strong></span> <span class='ocrx_word' id='word_1_131' title='bbox 1715 1137 1722 1200; x_wconf 34' lang='grc' dir='ltr'><strong>ἐξ</strong></span> 
     </span>
     <span class='ocr_line' id='line_1_15' title="bbox 218 1197 1722 1253; baseline -0.001 -13"><span class='ocrx_word' id='word_1_132' title='bbox 218 1208 279 1240; x_wconf 88' lang='lat' dir='ltr'><strong>tas</strong></span> <span class='ocrx_word' id='word_1_133' title='bbox 311 1203 395 1241; x_wconf 91' lang='lat' dir='ltr'><strong>eius</strong></span> <span class='ocrx_word' id='word_1_134' title='bbox 419 1202 539 1242; x_wconf 87' lang='lat' dir='ltr'><strong>editio</strong></span> <span class='ocrx_word' id='word_1_135' title='bbox 573 1202 824 1240; x_wconf 86' lang='lat' dir='ltr'><strong>difficultates</strong></span> <span class='ocrx_word' id='word_1_136' title='bbox 859 1207 958 1240; x_wconf 89' lang='lat' dir='ltr'><strong>esset</strong></span> <span class='ocrx_word' id='word_1_137' title='bbox 986 1201 1192 1252; x_wconf 83' lang='lat' dir='ltr'><strong>habitura,</strong></span> <span class='ocrx_word' id='word_1_138' title='bbox 1222 1215 1314 1240; x_wconf 87' lang='lat' dir='ltr'><strong>cum</strong></span> <span class='ocrx_word' id='word_1_139' title='bbox 1330 1201 1448 1251; x_wconf 81' lang='lat' dir='ltr'><strong>alias,</strong></span> <span class='ocrx_word' id='word_1_140' title='bbox 1480 1197 1579 1253; x_wconf 76' lang='lat' dir='ltr'><strong>quas</strong></span> <span class='ocrx_word' id='word_1_141' title='bbox 1595 1199 1665 1253; x_wconf 83' lang='lat' dir='ltr'><strong>hic</strong></span> <span class='ocrx_word' id='word_1_142' title='bbox 1715 1202 1722 1247; x_wconf 65' lang='lat' dir='ltr'><strong>i</strong></span> 
     </span>
     <span class='ocr_line' id='line_1_16' title="bbox 218 1267 1662 1320; baseline -0.003 -11"><span class='ocrx_word' id='word_1_143' title='bbox 218 1270 378 1309; x_wconf 88' lang='lat' dir='ltr'><strong>definite</strong></span> <span class='ocrx_word' id='word_1_144' title='bbox 416 1269 577 1309; x_wconf 87' lang='lat' dir='ltr'><strong>edisseri</strong></span> <span class='ocrx_word' id='word_1_145' title='bbox 604 1269 700 1320; x_wconf 89' lang='lat' dir='ltr'><strong>quid</strong></span> <span class='ocrx_word' id='word_1_146' title='bbox 723 1268 894 1307; x_wconf 69' lang='lat' dir='ltr'><strong>attinet?</strong></span> <span class='ocrx_word' id='word_1_147' title='bbox 928 1274 1015 1306; x_wconf 90' lang='lat' dir='ltr'><strong>tum</strong></span> <span class='ocrx_word' id='word_1_148' title='bbox 1044 1267 1352 1319; x_wconf 79' lang='lat' dir='ltr'><strong>magnitudinem</strong></span> <span class='ocrx_word' id='word_1_149' title='bbox 1381 1267 1662 1320; x_wconf 88' lang='lat' dir='ltr'><strong>impensarum,</strong></span> 
     </span>
     <span class='ocr_line' id='line_1_17' title="bbox 215 1334 1722 1394; baseline -0.001 -18"><span class='ocrx_word' id='word_1_150' title='bbox 215 1338 356 1388; x_wconf 89' lang='lat' dir='ltr'><strong>quibus</strong></span> <span class='ocrx_word' id='word_1_151' title='bbox 384 1351 459 1376; x_wconf 89' lang='lat' dir='ltr'><strong>nec</strong></span> <span class='ocrx_word' id='word_1_152' title='bbox 482 1337 628 1390; x_wconf 86' lang='lat' dir='ltr'><strong>privati</strong></span> <span class='ocrx_word' id='word_1_153' title='bbox 660 1335 833 1374; x_wconf 86' lang='lat' dir='ltr'><strong>cuiusvis</strong></span> <span class='ocrx_word' id='word_1_154' title='bbox 852 1334 970 1373; x_wconf 89' lang='lat' dir='ltr'><strong>unius</strong></span> <span class='ocrx_word' id='word_1_155' title='bbox 986 1340 1241 1386; x_wconf 88' lang='lat' dir='ltr'><strong>suppeterent</strong></span> <span class='ocrx_word' id='word_1_156' title='bbox 1260 1334 1376 1372; x_wconf 81' lang='lat' dir='ltr'><strong>facile</strong></span> <span class='ocrx_word' id='word_1_157' title='bbox 1392 1335 1553 1388; x_wconf 85' lang='lat' dir='ltr'><strong>copiae,</strong></span> <span class='ocrx_word' id='word_1_158' title='bbox 1587 1347 1663 1374; x_wconf 81' lang='lat' dir='ltr'><strong>nec</strong></span> <span class='ocrx_word' id='word_1_159' title='bbox 1713 1336 1722 1394; x_wconf 64' lang='lat' dir='ltr'>j</span> 
     </span>
    </p>

    <p class='ocr_par' dir='ltr' id='par_1_3' title="bbox 91 1397 1722 1453">
     <span class='ocr_line' id='line_1_18' title="bbox 91 1397 1722 1453; baseline -0.001 -12"><span class='ocrx_word' id='word_1_160' title='bbox 91 1406 130 1441; x_wconf 89' lang='lat' dir='ltr'><strong>P.</strong></span> <span class='ocrx_word' id='word_1_161' title='bbox 155 1408 196 1441; x_wconf 81' lang='lat' dir='ltr'><strong>VI</strong></span> <span class='ocrx_word' id='word_1_162' title='bbox 220 1411 324 1443; x_wconf 89' lang='lat' dir='ltr'><strong>certe</strong></span> <span class='ocrx_word' id='word_1_163' title='bbox 343 1417 462 1443; x_wconf 87' lang='lat' dir='ltr'><strong>meae.</strong></span> <span class='ocrx_word' id='word_1_164' title='bbox 518 1403 760 1451; x_wconf 87' lang='lat' dir='ltr'><strong>Accedebat,</strong></span> <span class='ocrx_word' id='word_1_165' title='bbox 790 1408 836 1439; x_wconf 89' lang='lat' dir='ltr'><strong>ut</strong></span> <span class='ocrx_word' id='word_1_166' title='bbox 851 1401 936 1453; x_wconf 85' lang='lat' dir='ltr'><strong>ipse</strong></span> <span class='ocrx_word' id='word_1_167' title='bbox 954 1401 996 1439; x_wconf 90' lang='lat' dir='ltr'><strong>in</strong></span> <span class='ocrx_word' id='word_1_168' title='bbox 1015 1400 1261 1440; x_wconf 86' lang='lat' dir='ltr'><strong>Bibliotheca</strong></span> <span class='ocrx_word' id='word_1_169' title='bbox 1280 1401 1399 1452; x_wconf 81' lang='lat' dir='ltr'><strong>Regia</strong></span> <span class='ocrx_word' id='word_1_170' title='bbox 1413 1402 1486 1440; x_wconf 90' lang='lat' dir='ltr'><strong>sub</strong></span> <span class='ocrx_word' id='word_1_171' title='bbox 1500 1401 1546 1440; x_wconf 84' lang='lat' dir='ltr'><strong>id</strong></span> <span class='ocrx_word' id='word_1_172' title='bbox 1561 1407 1664 1440; x_wconf 88' lang='lat' dir='ltr'><strong>tem-</strong></span> <span class='ocrx_word' id='word_1_173' title='bbox 1689 1436 1691 1440; x_wconf 20' lang='grc' dir='ltr'><em>Α</em></span> <span class='ocrx_word' id='word_1_174' title='bbox 1708 1397 1722 1447; x_wconf 66' lang='grc' dir='ltr'><strong>’Ξ</strong></span> 
     </span>
    </p>
   </div>
   <div class='ocr_carea' id='block_1_2' title="bbox 212 1456 1722 1524">
    <p class='ocr_par' dir='ltr' id='par_1_4' title="bbox 212 1456 1722 1524">
     <span class='ocr_line' id='line_1_19' title="bbox 212 1456 1722 1524; baseline -0.001 -15"><span class='ocrx_word' id='word_1_175' title='bbox 212 1485 287 1524; x_wconf 90' lang='lat' dir='ltr'><strong>pus</strong></span> <span class='ocrx_word' id='word_1_176' title='bbox 306 1484 429 1508; x_wconf 88' lang='lat' dir='ltr'><strong>essem</strong></span> <span class='ocrx_word' id='word_1_177' title='bbox 453 1469 789 1521; x_wconf 87' lang='lat' dir='ltr'><strong>occupatissimus,</strong></span> <span class='ocrx_word' id='word_1_178' title='bbox 805 1469 987 1506; x_wconf 81' lang='lat' dir='ltr'><strong>notitiam</strong></span> <span class='ocrx_word' id='word_1_179' title='bbox 1006 1467 1128 1506; x_wconf 83' lang='lat' dir='ltr'><strong>codd.</strong></span> <span class='ocrx_word' id='word_1_180' title='bbox 1142 1467 1302 1508; x_wconf 87' lang='lat' dir='ltr'><strong>Graecc.</strong></span> <span class='ocrx_word' id='word_1_181' title='bbox 1322 1481 1373 1506; x_wconf 84' lang='lat' dir='ltr'><strong>ex</strong></span> <span class='ocrx_word' id='word_1_182' title='bbox 1390 1463 1505 1507; x_wconf 87' lang='lat' dir='ltr'><strong>Italia</strong></span> <span class='ocrx_word' id='word_1_183' title='bbox 1523 1481 1663 1508; x_wconf 81' lang='lat' dir='ltr'><strong>recens</strong></span> <span class='ocrx_word' id='word_1_184' title='bbox 1707 1456 1722 1503; x_wconf 60' lang='lat'><strong>³3</strong></span> 
     </span>
    </p>
   </div>
   <div class='ocr_carea' id='block_1_3' title="bbox 159 1516 1722 2461">
    <p class='ocr_par' dir='ltr' id='par_1_5' title="bbox 159 1516 1722 2461">
     <span class='ocr_line' id='line_1_20' title="bbox 214 1516 1722 1598; baseline -0.001 -22"><span class='ocrx_word' id='word_1_185' title='bbox 214 1539 424 1576; x_wconf 81' lang='lat' dir='ltr'><strong>allatorum</strong></span> <span class='ocrx_word' id='word_1_186' title='bbox 451 1537 830 1585; x_wconf 53' lang='lat' dir='ltr'><strong>conficererconans,</strong></span> <span class='ocrx_word' id='word_1_187' title='bbox 860 1536 1016 1587; x_wconf 88' lang='lat' dir='ltr'><strong>qualem</strong></span> <span class='ocrx_word' id='word_1_188' title='bbox 1034 1536 1082 1574; x_wconf 89' lang='lat' dir='ltr'><strong>de</strong></span> <span class='ocrx_word' id='word_1_189' title='bbox 1099 1534 1222 1574; x_wconf 85' lang='lat' dir='ltr'><strong>Codd.</strong></span> <span class='ocrx_word' id='word_1_190' title='bbox 1245 1534 1485 1582; x_wconf 81' lang='lat' dir='ltr'><strong>Florentinis</strong></span> <span class='ocrx_word' id='word_1_191' title='bbox 1505 1526 1664 1574; x_wconf 76' lang='lat' dir='ltr'><strong>Baxidi-</strong></span> <span class='ocrx_word' id='word_1_192' title='bbox 1692 1516 1722 1598; x_wconf 57' lang='lat' dir='ltr'><strong>i</strong></span> 
     </span>
     <span class='ocr_line' id='line_1_21' title="bbox 214 1595 1722 1658; baseline -0.002 -15"><span class='ocrx_word' id='word_1_193' title='bbox 214 1606 326 1655; x_wconf 87' lang='lat' dir='ltr'><strong>nius,</strong></span> <span class='ocrx_word' id='word_1_194' title='bbox 366 1604 416 1642; x_wconf 90' lang='lat' dir='ltr'><strong>de</strong></span> <span class='ocrx_word' id='word_1_195' title='bbox 447 1603 818 1642; x_wconf 80' lang='lat' dir='ltr'><strong>vindobonensibus</strong></span> <span class='ocrx_word' id='word_1_196' title='bbox 847 1602 1076 1658; x_wconf 38' lang='lat' dir='ltr'><strong>La‘mbecius</strong></span> <span class='ocrx_word' id='word_1_197' title='bbox 1106 1601 1328 1641; x_wconf 83' lang='lat' dir='ltr'><strong>ediderunt.</strong></span> <span class='ocrx_word' id='word_1_198' title='bbox 1383 1601 1662 1653; x_wconf 79' lang='lat' dir='ltr'><strong>Quamobrem,</strong></span> <span class='ocrx_word' id='word_1_199' title='bbox 1714 1595 1722 1605; x_wconf 23' lang='lat' dir='ltr'><strong>l</strong></span> 
     </span>
     <span class='ocr_line' id='line_1_22' title="bbox 215 1668 1664 1724; baseline -0.001 -13"><span class='ocrx_word' id='word_1_200' title='bbox 215 1684 293 1724; x_wconf 89' lang='lat' dir='ltr'><strong>quo</strong></span> <span class='ocrx_word' id='word_1_201' title='bbox 328 1672 466 1721; x_wconf 76' lang='lat' dir='ltr'><strong>saltem</strong></span> <span class='ocrx_word' id='word_1_202' title='bbox 482 1671 738 1722; x_wconf 84' lang='lat' dir='ltr'><strong>intelligerem</strong></span> <span class='ocrx_word' id='word_1_203' title='bbox 749 1700 760 1720; x_wconf 93' lang='lat'><strong>,</strong></span> <span class='ocrx_word' id='word_1_204' title='bbox 791 1670 905 1721; x_wconf 89' lang='lat' dir='ltr'><strong>quale</strong></span> <span class='ocrx_word' id='word_1_205' title='bbox 921 1670 1097 1709; x_wconf 86' lang='lat' dir='ltr'><strong>virorum</strong></span> <span class='ocrx_word' id='word_1_206' title='bbox 1117 1668 1327 1708; x_wconf 86' lang='lat' dir='ltr'><strong>doctorum</strong></span> <span class='ocrx_word' id='word_1_207' title='bbox 1343 1669 1536 1709; x_wconf 88' lang='lat' dir='ltr'><strong>iudicium</strong></span> <span class='ocrx_word' id='word_1_208' title='bbox 1553 1670 1664 1710; x_wconf 82' lang='lat' dir='ltr'><strong>futu-</strong></span> 
     </span>
     <span class='ocr_line' id='line_1_23' title="bbox 213 1736 1694 1789; baseline -0.001 -11"><span class='ocrx_word' id='word_1_209' title='bbox 213 1753 302 1778; x_wconf 90' lang='lat' dir='ltr'><strong>rum</strong></span> <span class='ocrx_word' id='word_1_210' title='bbox 329 1745 430 1778; x_wconf 88' lang='lat' dir='ltr'><strong>esset</strong></span> <span class='ocrx_word' id='word_1_211' title='bbox 445 1738 493 1777; x_wconf 87' lang='lat' dir='ltr'><strong>de</strong></span> <span class='ocrx_word' id='word_1_212' title='bbox 510 1738 660 1787; x_wconf 86' lang='lat' dir='ltr'><strong>Leone,</strong></span> <span class='ocrx_word' id='word_1_213' title='bbox 690 1737 784 1776; x_wconf 87' lang='lat' dir='ltr'><strong>satis</strong></span> <span class='ocrx_word' id='word_1_214' title='bbox 809 1743 908 1780; x_wconf 86' lang='lat' dir='ltr'><strong>tunc</strong></span> <span class='ocrx_word' id='word_1_215' title='bbox 936 1737 1089 1786; x_wconf 75' lang='lat' dir='ltr'><strong>habui,</strong></span> <span class='ocrx_word' id='word_1_216' title='bbox 1108 1736 1255 1775; x_wconf 86' lang='lat' dir='ltr'><strong>librum</strong></span> <span class='ocrx_word' id='word_1_217' title='bbox 1273 1742 1447 1788; x_wconf 81' lang='lat' dir='ltr'><strong>sextum,</strong></span> <span class='ocrx_word' id='word_1_218' title='bbox 1473 1743 1522 1776; x_wconf 90' lang='lat' dir='ltr'><strong>ut</strong></span> <span class='ocrx_word' id='word_1_219' title='bbox 1536 1743 1623 1789; x_wconf 68' lang='lat' dir='ltr'><strong>erat</strong></span> <span class='ocrx_word' id='word_1_220' title='bbox 1637 1751 1663 1776; x_wconf 81' lang='grc' dir='ltr'>ι</span> <span class='ocrx_word' id='word_1_221' title='bbox 1690 1750 1694 1787; x_wconf 79' lang='grc' dir='ltr'><strong><em>ζ</em></strong></span> 
     </span>
     <span class='ocr_line' id='line_1_24' title="bbox 212 1781 1693 1857; baseline -0.001 -11"><span class='ocrx_word' id='word_1_222' title='bbox 212 1820 274 1846; x_wconf 87' lang='lat' dir='ltr'><strong>me</strong></span> <span class='ocrx_word' id='word_1_223' title='bbox 305 1820 463 1856; x_wconf 81' lang='lat' dir='ltr'><strong>versus,</strong></span> <span class='ocrx_word' id='word_1_224' title='bbox 493 1818 668 1843; x_wconf 86' lang='lat' dir='ltr'><strong>seorsum</strong></span> <span class='ocrx_word' id='word_1_225' title='bbox 695 1804 919 1857; x_wconf 88' lang='lat' dir='ltr'><strong>speciminis</strong></span> <span class='ocrx_word' id='word_1_226' title='bbox 947 1818 1061 1842; x_wconf 86' lang='lat' dir='ltr'><strong>causa</strong></span> <span class='ocrx_word' id='word_1_227' title='bbox 1080 1803 1124 1842; x_wconf 87' lang='lat' dir='ltr'><strong>in</strong></span> <span class='ocrx_word' id='word_1_228' title='bbox 1150 1804 1282 1842; x_wconf 93' lang='lat' dir='ltr'><strong>lucem</strong></span> <span class='ocrx_word' id='word_1_229' title='bbox 1300 1805 1479 1856; x_wconf 75' lang='lat' dir='ltr'><strong>proferre</strong></span> <span class='ocrx_word' id='word_1_230' title='bbox 1499 1781 1663 1844; x_wconf 54' lang='lat' dir='ltr'><strong>Nfft’i&#39;cee</strong></span> <span class='ocrx_word' id='word_1_231' title='bbox 1691 1793 1693 1795; x_wconf 66' lang='lat'>‚</span> 
     </span>
     <span class='ocr_line' id='line_1_25' title="bbox 159 1869 1662 1923; baseline -0.001 -11"><span class='ocrx_word' id='word_1_232' title='bbox 159 1888 167 1899; x_wconf 63' lang='lat'><em>³</em></span> <span class='ocrx_word' id='word_1_233' title='bbox 212 1882 250 1912; x_wconf 79' lang='lat' dir='ltr'><strong>&#39;et</strong></span> <span class='ocrx_word' id='word_1_234' title='bbox 264 1875 449 1913; x_wconf 80' lang='lat' dir='ltr'><strong>Extraits</strong></span> <span class='ocrx_word' id='word_1_235' title='bbox 469 1872 536 1910; x_wconf 66' lang='lat' dir='ltr'><strong>des</strong></span> <span class='ocrx_word' id='word_1_236' title='bbox 558 1874 655 1911; x_wconf 63' lang='lat' dir='ltr'><em>MSS.</em></span> <span class='ocrx_word' id='word_1_237' title='bbox 675 1871 723 1910; x_wconf 83' lang='lat' dir='ltr'><strong>de</strong></span> <span class='ocrx_word' id='word_1_238' title='bbox 744 1873 788 1910; x_wconf 86' lang='lat' dir='ltr'><strong>la</strong></span> <span class='ocrx_word' id='word_1_239' title='bbox 803 1871 1086 1923; x_wconf 55' lang='lat' dir='ltr'><strong>Bibliotheque</strong></span> <span class='ocrx_word' id='word_1_240' title='bbox 1108 1869 1165 1908; x_wconf 84' lang='lat' dir='ltr'><strong>du</strong></span> <span class='ocrx_word' id='word_1_241' title='bbox 1184 1871 1269 1909; x_wconf 84' lang='lat' dir='ltr'><strong>Roi</strong></span> <span class='ocrx_word' id='word_1_242' title='bbox 1283 1877 1360 1912; x_wconf 81' lang='lat' dir='ltr'><strong>etc.</strong></span> <span class='ocrx_word' id='word_1_243' title='bbox 1379 1871 1489 1912; x_wconf 71' lang='lat' dir='ltr'><strong>VIII·</strong></span> <span class='ocrx_word' id='word_1_244' title='bbox 1502 1871 1588 1915; x_wconf 79' lang='lat'><strong>254</strong></span> <span class='ocrx_word' id='word_1_245' title='bbox 1604 1893 1662 1903; x_wconf 89' lang='lat'><em>-</em></span> 
     </span>
     <span class='ocr_line' id='line_1_26' title="bbox 212 1938 1660 1991; baseline -0.004 -7"><span class='ocrx_word' id='word_1_246' title='bbox 212 1944 307 1983; x_wconf 81' lang='lat'><strong>296.</strong></span> <span class='ocrx_word' id='word_1_247' title='bbox 362 1939 495 1990; x_wconf 87' lang='lat' dir='ltr'><strong>Neque</strong></span> <span class='ocrx_word' id='word_1_248' title='bbox 515 1940 725 1991; x_wconf 86' lang='lat' dir='ltr'><strong>quicquam</strong></span> <span class='ocrx_word' id='word_1_249' title='bbox 741 1939 908 1991; x_wconf 86' lang='lat' dir='ltr'><strong>posthac</strong></span> <span class='ocrx_word' id='word_1_250' title='bbox 928 1938 1092 1991; x_wconf 89' lang='lat' dir='ltr'><strong>propius</strong></span> <span class='ocrx_word' id='word_1_251' title='bbox 1113 1942 1173 1975; x_wconf 87' lang='lat' dir='ltr'><strong>est</strong></span> <span class='ocrx_word' id='word_1_252' title='bbox 1192 1938 1362 1988; x_wconf 83' lang='lat' dir='ltr'><strong>sactum,</strong></span> <span class='ocrx_word' id='word_1_253' title='bbox 1390 1951 1509 1990; x_wconf 79' lang='lat' dir='ltr'><strong>quam</strong></span> <span class='ocrx_word' id='word_1_254' title='bbox 1524 1945 1573 1977; x_wconf 88' lang='lat' dir='ltr'><strong>ut</strong></span> <span class='ocrx_word' id='word_1_255' title='bbox 1588 1953 1660 1978; x_wconf 85' lang='lat' dir='ltr'><strong>co-</strong></span> 
     </span>
     <span class='ocr_line' id='line_1_27' title="bbox 212 2004 1662 2058; baseline 0.001 -15"><span class='ocrx_word' id='word_1_256' title='bbox 212 2006 440 2056; x_wconf 82' lang='lat' dir='ltr'><strong>gitationem</strong></span> <span class='ocrx_word' id='word_1_257' title='bbox 467 2006 648 2044; x_wconf 88' lang='lat' dir='ltr'><strong>editionis</strong></span> <span class='ocrx_word' id='word_1_258' title='bbox 686 2006 859 2057; x_wconf 86' lang='lat' dir='ltr'><strong>integrae</strong></span> <span class='ocrx_word' id='word_1_259' title='bbox 885 2006 1044 2045; x_wconf 90' lang='lat' dir='ltr'><strong>omnino</strong></span> <span class='ocrx_word' id='word_1_260' title='bbox 1070 2004 1322 2051; x_wconf 84' lang='lat' dir='ltr'><strong>dimitterem.</strong></span> <span class='ocrx_word' id='word_1_261' title='bbox 1376 2004 1541 2058; x_wconf 84' lang='lat' dir='ltr'><strong>Aliquot</strong></span> <span class='ocrx_word' id='word_1_262' title='bbox 1565 2005 1662 2045; x_wconf 84' lang='lat' dir='ltr'><strong>anni</strong></span> 
     </span>
     <span class='ocr_line' id='line_1_28' title="bbox 213 2070 1697 2124; baseline 0.001 -14"><span class='ocrx_word' id='word_1_263' title='bbox 213 2087 305 2111; x_wconf 89' lang='lat' dir='ltr'><strong>cum</strong></span> <span class='ocrx_word' id='word_1_264' title='bbox 336 2073 392 2111; x_wconf 88' lang='lat' dir='ltr'><strong>sic</strong></span> <span class='ocrx_word' id='word_1_265' title='bbox 420 2073 685 2124; x_wconf 78' lang='lat' dir='ltr'><strong>effluxissent,</strong></span> <span class='ocrx_word' id='word_1_266' title='bbox 715 2087 776 2112; x_wconf 92' lang='lat' dir='ltr'><strong>me</strong></span> <span class='ocrx_word' id='word_1_267' title='bbox 804 2074 892 2112; x_wconf 89' lang='lat' dir='ltr'><strong>aliis</strong></span> <span class='ocrx_word' id='word_1_268' title='bbox 916 2070 1257 2112; x_wconf 83' lang='lat' dir='ltr'><strong>sollicitudinibus</strong></span> <span class='ocrx_word' id='word_1_269' title='bbox 1270 2070 1453 2124; x_wconf 86' lang='lat' dir='ltr'><strong>curisque</strong></span> <span class='ocrx_word' id='word_1_270' title='bbox 1474 2073 1660 2124; x_wconf 86' lang='lat' dir='ltr'><strong>distento,</strong></span> <span class='ocrx_word' id='word_1_271' title='bbox 1693 2100 1697 2102; x_wconf 31' lang='lat' dir='ltr'>v</span> 
     </span>
     <span class='ocr_line' id='line_1_29' title="bbox 213 2137 1661 2192; baseline 0.001 -14"><span class='ocrx_word' id='word_1_272' title='bbox 213 2153 303 2179; x_wconf 90' lang='lat' dir='ltr'><strong>ecce</strong></span> <span class='ocrx_word' id='word_1_273' title='bbox 332 2140 395 2178; x_wconf 80' lang='lat' dir='ltr'><strong>vir</strong></span> <span class='ocrx_word' id='word_1_274' title='bbox 422 2140 582 2189; x_wconf 86' lang='lat' dir='ltr'><strong>doctus,</strong></span> <span class='ocrx_word' id='word_1_275' title='bbox 614 2154 691 2192; x_wconf 90' lang='lat' dir='ltr'><strong>quo</strong></span> <span class='ocrx_word' id='word_1_276' title='bbox 719 2154 834 2179; x_wconf 89' lang='lat' dir='ltr'><strong>nemo</strong></span> <span class='ocrx_word' id='word_1_277' title='bbox 855 2141 963 2179; x_wconf 89' lang='lat' dir='ltr'><strong>omni</strong></span> <span class='ocrx_word' id='word_1_278' title='bbox 980 2137 1226 2190; x_wconf 86' lang='lat' dir='ltr'><strong>antiquitatis</strong></span> <span class='ocrx_word' id='word_1_279' title='bbox 1243 2140 1559 2190; x_wconf 62' lang='lat' dir='ltr'><strong>septena-ionalis</strong></span> <span class='ocrx_word' id='word_1_280' title='bbox 1572 2153 1661 2179; x_wconf 89' lang='lat' dir='ltr'><strong>me-</strong></span> 
     </span>
     <span class='ocr_line' id='line_1_30' title="bbox 210 2205 1702 2262; baseline 0 -18"><span class='ocrx_word' id='word_1_281' title='bbox 210 2207 337 2245; x_wconf 91' lang='lat' dir='ltr'><strong>moria</strong></span> <span class='ocrx_word' id='word_1_282' title='bbox 357 2207 636 2257; x_wconf 82' lang='lat' dir='ltr'><strong>abundantior,</strong></span> <span class='ocrx_word' id='word_1_283' title='bbox 654 2222 783 2247; x_wconf 50' lang='lat' dir='ltr'><strong>‘nemo</strong></span> <span class='ocrx_word' id='word_1_284' title='bbox 801 2209 842 2259; x_wconf 81' lang='lat' dir='ltr'><strong>in</strong></span> <span class='ocrx_word' id='word_1_285' title='bbox 860 2206 1126 2247; x_wconf 89' lang='lat' dir='ltr'><strong>monumentis</strong></span> <span class='ocrx_word' id='word_1_286' title='bbox 1145 2205 1334 2244; x_wconf 84' lang='lat' dir='ltr'><strong>historiae</strong></span> <span class='ocrx_word' id='word_1_287' title='bbox 1356 2206 1542 2245; x_wconf 75' lang='lat' dir='ltr'><strong>Russicae</strong></span> <span class='ocrx_word' id='word_1_288' title='bbox 1564 2219 1660 2244; x_wconf 83' lang='lat' dir='ltr'><strong>exa-</strong></span> <span class='ocrx_word' id='word_1_289' title='bbox 1695 2227 1702 2262; x_wconf 55' lang='lat' dir='ltr'><strong><em>s</em></strong></span> 
     </span>
     <span class='ocr_line' id='line_1_31' title="bbox 212 2269 1706 2329; baseline -0.001 -17"><span class='ocrx_word' id='word_1_290' title='bbox 212 2274 420 2323; x_wconf 88' lang='lat' dir='ltr'><strong>minandis,</strong></span> <span class='ocrx_word' id='word_1_291' title='bbox 451 2275 744 2327; x_wconf 85' lang='lat' dir='ltr'><strong>comparandis,</strong></span> <span class='ocrx_word' id='word_1_292' title='bbox 775 2275 1019 2328; x_wconf 86' lang='lat' dir='ltr'><strong>explicandis</strong></span> <span class='ocrx_word' id='word_1_293' title='bbox 1037 2273 1192 2313; x_wconf 89' lang='lat' dir='ltr'><strong>acutior</strong></span> <span class='ocrx_word' id='word_1_294' title='bbox 1207 2279 1277 2329; x_wconf 72' lang='lat' dir='ltr'><strong>aut</strong></span> <span class='ocrx_word' id='word_1_295' title='bbox 1293 2273 1468 2323; x_wconf 84' lang='lat' dir='ltr'><strong>felicior,</strong></span> <span class='ocrx_word' id='word_1_296' title='bbox 1497 2272 1659 2327; x_wconf 84' lang='lat' dir='ltr'><strong>Philip-</strong></span> <span class='ocrx_word' id='word_1_297' title='bbox 1695 2269 1706 2319; x_wconf 52' lang='grc' dir='ltr'><strong>ξ’</strong></span> 
     </span>
     <span class='ocr_line' id='line_1_32' title="bbox 210 2340 1657 2395; baseline -0.001 -15"><span class='ocrx_word' id='word_1_298' title='bbox 210 2355 286 2393; x_wconf 90' lang='lat' dir='ltr'><strong>pus</strong></span> <span class='ocrx_word' id='word_1_299' title='bbox 304 2343 436 2391; x_wconf 71' lang='lat' dir='ltr'><strong>Knuo,</strong></span> <span class='ocrx_word' id='word_1_300' title='bbox 458 2341 687 2380; x_wconf 84' lang='lat' dir='ltr'><strong>Academiae</strong></span> <span class='ocrx_word' id='word_1_301' title='bbox 703 2342 919 2395; x_wconf 63' lang='lat' dir='ltr'><strong>Irperialis</strong></span> <span class='ocrx_word' id='word_1_302' title='bbox 934 2341 1188 2388; x_wconf 83' lang='lat' dir='ltr'><strong>scientiarum</strong></span> <span class='ocrx_word' id='word_1_303' title='bbox 1204 2340 1520 2394; x_wconf 85' lang='lat' dir='ltr'><strong>Petropolitanae</strong></span> <span class='ocrx_word' id='word_1_304' title='bbox 1538 2340 1657 2379; x_wconf 86' lang='lat' dir='ltr'><strong>decus</strong></span> 
     </span>
     <span class='ocr_line' id='line_1_33' title="bbox 210 2405 1658 2461; baseline -0.002 -14"><span class='ocrx_word' id='word_1_305' title='bbox 210 2416 252 2448; x_wconf 89' lang='lat' dir='ltr'><strong>et</strong></span> <span class='ocrx_word' id='word_1_306' title='bbox 280 2415 574 2459; x_wconf 89' lang='lat' dir='ltr'><strong>ornamentum,</strong></span> <span class='ocrx_word' id='word_1_307' title='bbox 602 2409 711 2447; x_wconf 88' lang='lat' dir='ltr'><strong>ultro</strong></span> <span class='ocrx_word' id='word_1_308' title='bbox 742 2424 805 2449; x_wconf 92' lang='lat' dir='ltr'><strong>me</strong></span> <span class='ocrx_word' id='word_1_309' title='bbox 832 2409 975 2449; x_wconf 88' lang='lat' dir='ltr'><strong>litteris</strong></span> <span class='ocrx_word' id='word_1_310' title='bbox 1005 2409 1105 2448; x_wconf 86' lang='lat' dir='ltr'><strong>mire</strong></span> <span class='ocrx_word' id='word_1_311' title='bbox 1123 2407 1258 2461; x_wconf 85' lang='lat' dir='ltr'><strong>puris,</strong></span> <span class='ocrx_word' id='word_1_312' title='bbox 1290 2407 1449 2459; x_wconf 87' lang='lat' dir='ltr'><strong>amicis,</strong></span> <span class='ocrx_word' id='word_1_313' title='bbox 1479 2405 1658 2446; x_wconf 86' lang='lat' dir='ltr'><strong>candidis</strong></span> 
     </span>
    </p>
   </div>
   <div class='ocr_carea' id='block_1_4' title="bbox 229 128 1722 444">
    <p class='ocr_par' dir='ltr' id='par_1_6' title="bbox 229 128 1722 444">
     <span class='ocr_line' id='line_1_34' title="bbox 229 128 1722 221; baseline -0.001 -23"><span class='ocrx_word' id='word_1_314' title='bbox 229 162 305 192; x_wconf 70' lang='lat' dir='ltr'><strong>xvi</strong></span> <span class='ocrx_word' id='word_1_315' title='bbox 752 170 754 172; x_wconf 53' lang='grc'>’</span> <span class='ocrx_word' id='word_1_316' title='bbox 807 156 928 198; x_wconf 73' lang='grc' dir='ltr'><strong>0.·Β.</strong></span> <span class='ocrx_word' id='word_1_317' title='bbox 956 155 1109 200; x_wconf 86' lang='lat' dir='ltr'><strong>HASII</strong></span> <span class='ocrx_word' id='word_1_318' title='bbox 1365 128 1370 134; x_wconf 47' lang='grc'><strong><em>’</em></strong></span> <span class='ocrx_word' id='word_1_319' title='bbox 1701 138 1722 221; x_wconf 69' lang='lat'><strong>2]</strong></span> 
     </span>
     <span class='ocr_line' id='line_1_35' title="bbox 1709 285 1722 307; baseline 0 0"><span class='ocrx_word' id='word_1_320' title='bbox 1709 285 1722 307; x_wconf 65' lang='grc' dir='ltr'><strong>Ἶε</strong></span> 
     </span>
     <span class='ocr_line' id='line_1_36' title="bbox 1716 335 1722 355; baseline 0 0"><span class='ocrx_word' id='word_1_321' title='bbox 1716 335 1722 355; x_wconf 66' lang='lat' dir='ltr'><strong>l</strong></span> 
     </span>
     <span class='ocr_line' id='line_1_37' title="bbox 1713 369 1722 444; baseline 0 0"><span class='ocrx_word' id='word_1_322' title='bbox 1713 369 1722 444; x_wconf 72' lang='grc' dir='ltr'>ἶ</span> 
     </span>
    </p>
   </div>
   <div class='ocr_carea' id='block_1_5' title="bbox 211 2473 1657 2795">
    <p class='ocr_par' dir='ltr' id='par_1_7' title="bbox 211 2473 1657 2795">
     <span class='ocr_line' id='line_1_38' title="bbox 213 2473 1657 2527; baseline -0.002 -13"><span class='ocrx_word' id='word_1_323' title='bbox 213 2476 335 2526; x_wconf 84' lang='lat' dir='ltr'><strong>adiit,</strong></span> <span class='ocrx_word' id='word_1_324' title='bbox 364 2476 542 2527; x_wconf 87' lang='lat' dir='ltr'><strong>nihilque</strong></span> <span class='ocrx_word' id='word_1_325' title='bbox 571 2475 749 2527; x_wconf 88' lang='lat' dir='ltr'><strong>opinanti</strong></span> <span class='ocrx_word' id='word_1_326' title='bbox 780 2475 1476 2527; x_wconf 81' lang='lat' dir='ltr'><strong>commonstravit‚quemadmodum</strong></span> <span class='ocrx_word' id='word_1_327' title='bbox 1494 2473 1554 2514; x_wconf 86' lang='lat' dir='ltr'><strong>rei</strong></span> <span class='ocrx_word' id='word_1_328' title='bbox 1573 2473 1657 2525; x_wconf 88' lang='lat' dir='ltr'><strong>pri-</strong></span> 
     </span>
     <span class='ocr_line' id='line_1_39' title="bbox 212 2538 1656 2597; baseline -0.003 -16"><span class='ocrx_word' id='word_1_329' title='bbox 212 2543 302 2581; x_wconf 87' lang='lat' dir='ltr'><strong>dem</strong></span> <span class='ocrx_word' id='word_1_330' title='bbox 327 2543 532 2582; x_wconf 84' lang='lat' dir='ltr'><strong>institutae</strong></span> <span class='ocrx_word' id='word_1_331' title='bbox 571 2542 749 2594; x_wconf 87' lang='lat' dir='ltr'><strong>expediri</strong></span> <span class='ocrx_word' id='word_1_332' title='bbox 785 2545 912 2584; x_wconf 82' lang='lat' dir='ltr'><strong>exitus</strong></span> <span class='ocrx_word' id='word_1_333' title='bbox 943 2551 1087 2597; x_wconf 85' lang='lat' dir='ltr'><strong>posset.</strong></span> <span class='ocrx_word' id='word_1_334' title='bbox 1142 2544 1291 2595; x_wconf 87' lang='lat' dir='ltr'><strong>Nempe</strong></span> <span class='ocrx_word' id='word_1_335' title='bbox 1319 2541 1475 2595; x_wconf 89' lang='lat' dir='ltr'><strong>imperii</strong></span> <span class='ocrx_word' id='word_1_336' title='bbox 1499 2538 1656 2579; x_wconf 86' lang='lat' dir='ltr'><strong>Russici</strong></span> 
     </span>
     <span class='ocr_line' id='line_1_40' title="bbox 211 2606 1655 2659; baseline -0.001 -13"><span class='ocrx_word' id='word_1_337' title='bbox 211 2610 520 2659; x_wconf 79' lang='lat' dir='ltr'><strong>cancellarium,</strong></span> <span class='ocrx_word' id='word_1_338' title='bbox 549 2615 621 2648; x_wconf 88' lang='lat' dir='ltr'><strong>etc.</strong></span> <span class='ocrx_word' id='word_1_339' title='bbox 642 2609 703 2648; x_wconf 89' lang='lat' dir='ltr'><strong>ill.</strong></span> <span class='ocrx_word' id='word_1_340' title='bbox 739 2610 928 2649; x_wconf 89' lang='lat' dir='ltr'><strong>Comitem</strong></span> <span class='ocrx_word' id='word_1_341' title='bbox 942 2611 1148 2650; x_wconf 87' lang='lat' dir='ltr'><strong>Nicolaum</strong></span> <span class='ocrx_word' id='word_1_342' title='bbox 1164 2624 1215 2648; x_wconf 82' lang='lat' dir='ltr'><strong>m:</strong></span> <span class='ocrx_word' id='word_1_343' title='bbox 1233 2611 1496 2658; x_wconf 70' lang='lat' dir='ltr'><strong>Romzorr,</strong></span> <span class='ocrx_word' id='word_1_344' title='bbox 1522 2606 1655 2647; x_wconf 80' lang='lat' dir='ltr'><strong>virum</strong></span> 
     </span>
     <span class='ocr_line' id='line_1_41' title="bbox 212 2677 1656 2729; baseline -0.001 -16"><span class='ocrx_word' id='word_1_345' title='bbox 212 2681 260 2713; x_wconf 85' lang='lat' dir='ltr'><strong>-ut</strong></span> <span class='ocrx_word' id='word_1_346' title='bbox 293 2677 400 2714; x_wconf 90' lang='lat' dir='ltr'><strong>omni</strong></span> <span class='ocrx_word' id='word_1_347' title='bbox 429 2690 656 2727; x_wconf 85' lang='lat' dir='ltr'><strong>magnarum</strong></span> <span class='ocrx_word' id='word_1_348' title='bbox 689 2690 822 2715; x_wconf 86' lang='lat' dir='ltr'><strong>rerum</strong></span> <span class='ocrx_word' id='word_1_349' title='bbox 842 2678 959 2716; x_wconf 89' lang='lat' dir='ltr'><strong>laude</strong></span> <span class='ocrx_word' id='word_1_350' title='bbox 984 2679 1253 2729; x_wconf 81' lang='lat' dir='ltr'><strong>cumulatum,</strong></span> <span class='ocrx_word' id='word_1_351' title='bbox 1279 2677 1491 2724; x_wconf 82' lang='lat' dir='ltr'><strong>itanatum</strong></span> <span class='ocrx_word' id='word_1_352' title='bbox 1507 2686 1656 2727; x_wconf 82' lang='lat' dir='ltr'><strong>prove-</strong></span> 
     </span>
     <span class='ocr_line' id='line_1_42' title="bbox 214 2740 1656 2795; baseline 0 -16"><span class='ocrx_word' id='word_1_353' title='bbox 214 2740 353 2780; x_wconf 84' lang='lat' dir='ltr'><strong>hendis</strong></span> <span class='ocrx_word' id='word_1_354' title='bbox 379 2742 601 2782; x_wconf 87' lang='lat' dir='ltr'><strong>liberalibus</strong></span> <span class='ocrx_word' id='word_1_355' title='bbox 627 2744 790 2794; x_wconf 87' lang='lat' dir='ltr'><strong>studiis,</strong></span> <span class='ocrx_word' id='word_1_356' title='bbox 820 2758 912 2783; x_wconf 90' lang='lat' dir='ltr'><strong>cum</strong></span> <span class='ocrx_word' id='word_1_357' title='bbox 928 2745 972 2783; x_wconf 88' lang='lat' dir='ltr'><strong>in</strong></span> <span class='ocrx_word' id='word_1_358' title='bbox 990 2759 1127 2785; x_wconf 85' lang='lat' dir='ltr'><strong>manus</strong></span> <span class='ocrx_word' id='word_1_359' title='bbox 1142 2745 1224 2785; x_wconf 88' lang='lat' dir='ltr'><strong>eius</strong></span> <span class='ocrx_word' id='word_1_360' title='bbox 1245 2744 1447 2791; x_wconf 86' lang='lat' dir='ltr'><strong>incidisset</strong></span> <span class='ocrx_word' id='word_1_361' title='bbox 1459 2741 1656 2795; x_wconf 86' lang='lat' dir='ltr'><strong>specimen</strong></span> 
     </span>
    </p>
   </div>
   <div class='ocr_carea' id='block_1_6' title="bbox 1687 1602 1722 3042">
    <p class='ocr_par' dir='ltr' id='par_1_8' title="bbox 1687 1602 1722 3042">
     <span class='ocr_line' id='line_1_43' title="bbox 1687 1602 1722 3042; baseline 0 0"><span class='ocrx_word' id='word_1_362' title='bbox 1687 1602 1722 3042; x_wconf 95' lang='lat' dir='ltr'><strong> </strong></span> 
     </span>
    </p>
   </div>
  </div>
 </body>
</html>
