1768 3034
296 116 327 160 6
774 115 977 164 LEONIS
1004 115 1242 162 DIACONI

91 239 125 270 A.
143 238 185 269 M.
198 233 286 271 6468
299 231 356 286 τῷ
386 223 490 279 ςυξζ
516 223 613 280 ἔτει,
649 228 722 268 τοῢ
753 224 951 282 ῥηθέντος
989 221 1286 281 αὐτοκράτορος
1313 221 1621 267 Κωνσταντίνου
1654 222 1727 266 τὸν

133 283 197 315 lnd·
221 282 244 317 3
300 297 390 350 βίον
409 290 702 349 μετηλλαχότος
723 295 788 335 καὶ
805 292 906 349 πρὸς
924 291 997 346 τὴν
1020 293 1139 335 ἐκεῖσε
1168 289 1417 334 κατάπαυσιν
1436 289 1724 343 ἄναλύσαντος,

301 363 375 417 τὴν
395 362 711 418 αὗτοκρατορίαν
729 360 870 402 διέπειν
891 359 1017 416 ἀρχὴν
1030 358 1233 414 Ῥωμανός
1250 356 1271 401 ὅ
1297 358 1444 401 ἐκείνου
1461 357 1549 407 υἱὸς
1566 358 1729 416 ἔγχειρζ-
1766 399 1768 426 1

305 433 431 483 ζεται,
467 429 546 484 ἤδη
575 429 649 483 τὴν
676 432 757 470 τῶν
785 428 997 484 μειρακίων
1023 425 1314 484 παραλλάττων
1349 423 1505 481 ἡλικίαν
1533 426 1599 468 καὶ
1628 425 1731 481 πρὸς
1767 428 1768 461 ἶ

305 498 435 554 ἄνδρα
465 498 532 539 τὸν
561 496 707 538 τέλειον
734 490 1143 549 μετασκευαζόμενος·
1179 494 1280 557 ἀνὴρ
1307 488 1436 536 τᾶλλα
1453 493 1527 547 μὲν
1546 492 1763 547 ἔπιεικὴς,5

306 562 562 621 εὐπρόσωπός
578 580 620 605 τε
640 563 705 605 καὶ
725 561 907 617 εὐόμιλος
934 564 1001 604 καὶ
1025 562 1099 618 τὴν
1126 560 1236 619 ὥραν
1257 561 1498 618 ἄριπρεπὴς,
1535 561 1602 602 καὶ
1628 577 1733 602 παν-

305 634 486 685 τοδαπῆς
504 631 804 686 καλοκαγαθίας
819 628 1023 680 ἀνάπλεως
1031 662 1046 682 ,
1075 627 1240 685 εὐμενής
1265 646 1309 671 τε
1338 630 1406 671 καὶ
1428 627 1606 685 χρηστὸς
1632 627 1735 684 πρὸς

307 699 413 741 ἅπαν
439 698 487 741 τὸ
515 696 714 752 ὑπήκοον,
752 698 993 752 ἐπτοημένος
1022 698 1067 741 δὲ
1091 703 1338 754 νεωτερικαῖς
1356 694 1637 752 Ιφ’]δυποιθείοιις
1667 696 1735 737 καὶ

271 768 505 819 Βπαιὸιαΐς,
542 766 637 815 τοὺς
667 766 711 807 δὲ
737 766 989 822 ἐρεθίζοντας
1018 764 1119 822 πρὸς
1149 768 1280 807 ταῦτα
1309 763 1414 806 κατὰ
1440 763 1515 818 τὴν
1532 763 1734 816 βασίλειον

307 833 464 885 ἑστίαν,
502 831 557 882 ὥς
594 832 667 875 οὐκ
702 832 873 889 ὤφελεν,
911 830 1162 888 ἐπαγόμενος.
1211 829 1354 889 τούτῳ
1381 834 1441 889 τῷ
1470 828 1734 886 αὐτοκράτορι
1747 840 1768 876 ιι

303 899 494 957 Ῥωμανῷ
517 902 571 949 εἷς
592 899 744 942 ἔννοιαν
762 895 844 954 ἧκε,
865 899 939 955 τὴν
956 904 1038 942 τῶν
1049 899 1274 956 Ἀραβιτῶν
1289 901 1465 955 Κρητῶν
1484 897 1733 949 δυναστείαν,

308 971 586 1024 τραχηλιῶσαν
604 969 670 1009 καὶ
688 967 791 1009 κατὰ
803 965 1010 1021 Ῥωμαίων
1031 967 1195 1025 φονικὸν
1213 966 1423 1018 πνέουσαν,
1445 970 1496 1022 τῇ
1514 968 1587 1007 τοῢ
1607 965 1737 1021 κρείτ-

308 1052 426 1083 τονος
446 1034 549 1091 ῥοπῇ
571 1035 748 1077 ἐκποδών
774 1032 1036 1088 ποιήσασθαι.
1090 1035 1156 1076 καὶ
1183 1033 1261 1090 γὰρ
1281 1038 1339 1091 τῷ
1371 1034 1415 1083 ἐξ
1439 1030 1632 1087 ὖπογυίου
1653 1037 1739 1080 τοῖς

306 1100 515 1156 Ῥωμαίοις
536 1099 803 1156 συμβεβηκότι
823 1100 1047 1155 ἀτυχήματι
1066 1101 1249 1157 ἀμέτρως
1271 1099 1543 1156 γαυρουμένη,
1578 1098 1630 1141 τὰ
1657 1115 1738 1141 πα-

311 1168 454 1225 ράκτια
487 1173 559 1223 τῆς
582 1167 803 1222 Ῥωμαϊκῆς
838 1169 1084 1224 ἐπικρατείας
1120 1169 1290 1222 ἓληΐζετο
1314 1166 1504 1222 μάλιστα.
1557 1164 1667 1214 ὅπως
1695 1167 1768 1210 δέί

310 1237 358 1278 τὸ
397 1244 577 1289 πταῖσμα
617 1233 827 1288 Ῥωμαίοις
861 1235 1132 1290 συμβέβηκεν,
1169 1232 1434 1291 ἐπιτροχάδην
1462 1234 1552 1289 ἔριῖ.
1616 1235 1738 1276 Κων-

312 1311 519 1353 σταντῖνος
539 1301 560 1346 ὃ
582 1300 841 1359 αὐτοκράτωρ
850 1334 864 1354 ,
900 1302 957 1356 μὴ
981 1303 1130 1358 στέγων
1148 1300 1221 1356 τὴν
1239 1305 1321 1344 τῶν
1338 1302 1516 1357 Κρητῶν
1533 1298 1654 1359 ὕβριν
1672 1301 1740 1343 καὶ

403 1445 436 1478 1.
465 1442 605 1476 Numeri
625 1452 801 1482 annorum,
832 1441 892 1485 qui
922 1452 944 1475 a
970 1440 1139 1475 creatione
1163 1439 1276 1475 mundi
1302 1442 1554 1486 computantur,
1583 1441 1741 1482 cedreno

402 1488 487 1521 duce
502 1487 536 1520 in
552 1487 701 1531 margine
718 1485 880 1530 adscripti
899 1489 993 1528 sunt,
1016 1497 1211 1531 quamquam
1229 1492 1283 1520 ter
1300 1487 1344 1520 ab
1364 1486 1470 1531 ipsius
1495 1487 1618 1527 Leonis
1640 1487 1742 1522 testi-

401 1532 511 1566 monio
535 1532 777 1565 abscedendum
788 1537 872 1566 erat.
919 1531 988 1565 Sed
1010 1531 1187 1565 manifesto
1214 1531 1285 1565 eius
1309 1531 1417 1572 ratio,
1443 1532 1527 1577 ειίτέεν
1537 1533 1646 1577 ipsius
1668 1533 1742 1567 sive

402 1577 611 1610 librariorum
629 1577 746 1621 σῶμα,
769 1577 885 1610 mirum
906 1575 943 1609 in
965 1577 1096 1610 modum
1114 1577 1316 1610 conturbata
1341 1580 1411 1610 est:
1434 1588 1509 1610 nam
1532 1581 1601 1611 tam
1624 1588 1742 1622 parum

402 1622 478 1666 ipse
502 1622 568 1655 sibi
592 1627 744 1664 constat,
769 1627 809 1655 ut
829 1622 863 1654 h.
880 1621 902 1654 1.
922 1623 964 1655 et*
971 1632 1050 1665 pag.
1070 1623 1116 1656 29
1128 1621 1180 1655 C.
1202 1633 1236 1655 v.
1255 1623 1298 1656 12
1319 1632 1473 1656 numerus
1494 1623 1538 1656 ab
1552 1627 1740 1657 eo-notatns

405 1674 473 1700 uno
494 1678 579 1700 anno
599 1678 619 1700 a
636 1672 774 1712 recepto
790 1678 924 1700 numero
944 1670 1130 1711 superetur,
1154 1669 1272 1700 contra
1288 1677 1367 1710 pag.
1387 1669 1454 1702 110
1476 1667 1517 1702 C.
1532 1667 1657 1701 Leonis
1677 1679 1742 1702 nu-

403 1723 514 1746 merus
531 1723 699 1745 numerum
715 1712 861 1746 cedreni
878 1722 943 1744 uno
962 1723 1047 1745 anno
1067 1711 1209 1745 excedat
1220 1735 1231 1752 ‚
1254 1716 1373 1756 quarto
1390 1711 1540 1756 denique
1565 1712 1640 1753 loeo>
1661 1724 1741 1757 pag.

403 1759 448 1792 57
458 1758 497 1790 A.
511 1757 579 1790 Leo
603 1768 675 1791 cum
693 1757 846 1791 Cedreno
858 1757 1054 1790 consentiat.
1087 1757 1184 1790 Haec
1200 1756 1425 1790 inconstantia
1437 1768 1476 1791 eo
1494 1758 1601 1802 magis
1618 1757 1743 1791 miran—

404 1802 450 1835 da
473 1806 545 1842 est,
569 1803 657 1845 quod
683 1802 884 1836 indictiones
898 1802 1047 1835 omnibus
1062 1801 1131 1835 illis
1154 1801 1237 1834 locis
1267 1806 1425 1836 accurate
1441 1806 1477 1836 et
1493 1814 1568 1837 cum
1588 1802 1742 1837 cedreno

405 1846 643 1880 convenienter
669 1858 690 1879 a
708 1848 822 1880 Leone
848 1846 1016 1880 indicatae
1036 1851 1124 1880 sunt.
1169 1846 1245 1886 Quo
1261 1847 1385 1881 sactum
1399 1851 1474 1888 est,
1496 1852 1536 1880 ut
1558 1858 1669 1881 omnes
1685 1859 1742 1882 res

404 1896 540 1935 gestae,
564 1902 650 1934 quae
671 1903 691 1924 a
717 1892 829 1926 Leone
848 1896 1076 1935 exponuntur,
1100 1892 1130 1924 si
1154 1891 1372 1925 indictionum
1394 1902 1562 1925 numerum
1584 1891 1679 1926 ineas
1707 1898 1744 1927 et

404 1947 514 1970 rerum
537 1935 683 1969 ordinem
708 1937 942 1981 persequaris,
969 1936 1068 1969 XVII
1095 1936 1190 1969 annis
1214 1935 1464 1976 contineantur3
1486 1936 1540 1970 sin
1560 1941 1671 1971 autem
1699 1938 1742 1972 ab

394 1986 490 2014 'armo
513 1981 626 2013 mundi
652 1978 762 2022 6467,
785 1992 882 2025 quem
909 1981 944 2014 h.
967 1980 990 2015 l.
1023 1983 1274 2021 commemorat,
1357 1991 1401 2014 ue
1426 1980 1470 2014 ad
1494 1992 1614 2016 annum
1640 1981 1742 2024 6485,

406 2036 502 2069 quem
522 2025 557 2057 in
577 2026 642 2058 fine
665 2025 743 2059 libri
764 2025 797 2058 X
825 2025 973 2069 indicat,
996 2025 1159 2059 rationem
1183 2025 1306 2066 ducas,
1362 2025 1413 2059 IX
1433 2025 1511 2060 anni
1538 2027 1742 2073 praeterflu-

405 2070 497 2103 xisse
515 2069 701 2105 videantur.
733 2071 889 2106 CLASS.
978 2071 1015 2106 2.
1045 2068 1304 2116 μετηλλαγότος
1322 2069 1397 2105 cod.

319 2191 500 2236 gentesimo
517 2192 722 2236 sexagesimo
738 2192 895 2237 septimo,
917 2203 992 2227 cum
1011 2192 1203 2237 praedictus
1223 2192 1410 2238 Imperator
1425 2193 1665 2228 Constantinus
1686 2205 1744 2229 re-

319 2236 401 2271 licta
417 2237 489 2270 vita
507 2237 550 2270 ad
564 2238 712 2282 requiem
728 2250 764 2272 se
777 2243 869 2272 trans
885 2238 1046 2273 hominem
1063 2239 1276 2280 contulisset,
1296 2238 1385 2272 filius
1400 2238 1472 2272 eius
1487 2239 1664 2281 Romanus,
1685 2238 1745 2285 qui

320 2294 363 2316 ex
378 2282 500 2326 puerili
517 2286 630 2316 aetate
646 2294 800 2326 egressus
819 2283 862 2317 ad
876 2283 1006 2317 virilem
1022 2283 1088 2317 iam
1101 2284 1286 2324 transibat,
1308 2283 1516 2328 principatus
1532 2284 1745 2324 administra-

318 2327 442 2359 tionem
462 2327 619 2371 suscepit.
665 2328 754 2360 Erat
774 2328 805 2360 is
832 2328 1024 2372 caeteroqui
1046 2326 1171 2369 bonus,
1194 2328 1334 2362 honesta
1356 2328 1464 2371 facie,
1489 2340 1639 2363 sermone
1656 2329 1744 2376 10ρί-β

319 2371 375 2412 do,
397 2372 510 2415 specie
525 2372 679 2412 decorus,
702 2372 817 2416 plenus
835 2373 922 2406 omni
937 2373 1117 2417 probitate,
1131 2385 1213 2416 erga
1229 2373 1396 2408 subditum
1417 2373 1566 2419 quemvis
1580 2374 1743 2418 benignu

319 2428 361 2450 ac
378 2417 502 2457 suavis3
525 2417 584 2450 sed
597 2417 676 2450 item
691 2417 917 2460 voluptatibus
933 2418 1132 2452 iuvenilibus
1147 2418 1299 2462 ludisque
1313 2418 1444 2452 nimium
1460 2419 1602 2453 deditus.
1646 2419 1742 2459 Quas

314 2462 357 2494 ad
375 2473 430 2495 res
441 2462 545 2505 quise
558 2461 796 2502 sollicitabant,
815 2474 882 2503 eos,
894 2469 1012 2496 contra
1028 2468 1128 2507 atque
1145 2464 1333 2508 oportebat,
1339 2463 1743 2508 inducebatinpalatium.

314 2506 401 2538 Huic
409 2506 606 2550 Imperatori
616 2507 763 2540 Romano
783 2507 817 2539 in
834 2513 973 2541 mentem
989 2512 1139 2549 venerat,
1162 2508 1306 2541 Arabum
1322 2508 1357 2541 in
1367 2508 1471 2542 Creta
1483 2509 1675 2553 potentiam,
1686 2519 1743 2542 su·-

314 2551 517 2594 perbientem
543 2551 635 2584 illam
655 2552 841 2595 caedesque
858 2552 1017 2586 adversus
1040 2553 1204 2587 Romanos
1224 2554 1426 2597 spirantem,
1449 2564 1525 2587 cum
1539 2553 1605 2586 Dei
1621 2553 1743 2587 auxilio

314 2601 478 2629 evertere.
525 2596 685 2640 Quippe,
710 2597 804 2629 clade
829 2597 929 2640 paulo
953 2602 1031 2631 ante
1053 2598 1149 2630 nobis
1165 2598 1260 2632 illata
1279 2598 1313 2631 in
1328 2599 1520 2632 immensum
1531 2598 1661 2639 inflati,
1684 2608 1744 2642 per

313 2651 405 2672 oram
422 2641 554 2684 imperii
575 2642 772 2675 maritimam
793 2641 1025 2685 populationes
1044 2643 1202 2676 maximas
1219 2644 1398 2677 faciebant.
1445 2642 1555 2682 Quam
1575 2643 1750 2676 calamita-'

312 2686 380 2716 tem
396 2686 668 2727 quemadmodum
687 2687 826 2719 Romani
847 2687 1018 2730 ceperint,
1048 2688 1231 2720 summatim
1256 2688 1373 2721 dicam.
1418 2688 1657 2722 Constantinus
1678 2687 1744 2720 Im-

315 2734 469 2771 perator,
495 2742 568 2764 cum
584 2732 802 2765 Cretensium
825 2732 1046 2776 arrogantiam
1069 2732 1344 2777 incursionesque
1360 2733 1553 2777 repentinas
1573 2732 1663 2767 ferre
1680 2743 1745 2766 non
