<?xml version="1.0" encoding="UTF-8"?>
<!DOCTYPE html PUBLIC "-//W3C//DTD XHTML 1.0 Transitional//EN"
    "http://www.w3.org/TR/xhtml1/DTD/xhtml1-transitional.dtd">
<html xmlns="http://www.w3.org/1999/xhtml" xml:lang="en" lang="en">
 <head>
  <title>
</title>
<meta http-equiv="Content-Type" content="text/html;charset=utf-8" />
  <meta name='ocr-system' content='tesseract 3.04.00' />
  <meta name='ocr-capabilities' content='ocr_page ocr_carea ocr_par ocr_line ocrx_word'/>
</head>
<body>
  <div class='ocr_page' id='page_1' title='image "./corpusscriptorum33niebuoft/corpusscriptorum33niebuoft_0589.png"; bbox 0 0 1760 3034; ppageno 0'>
   <div class='ocr_carea' id='block_1_1' title="bbox 391 132 1494 216">
    <p class='ocr_par' dir='ltr' id='par_1_1' title="bbox 391 132 1494 216">
     <span class='ocr_line' id='line_1_1' title="bbox 391 132 1494 216; baseline 0.005 -7"><span class='ocrx_word' id='word_1_1' title='bbox 391 132 796 211; x_wconf 70' lang='lat' dir='ltr'><strong>mss&#39;rHEODosn</strong></span> <span class='ocrx_word' id='word_1_2' title='bbox 820 163 1130 212; x_wconf 80' lang='lat' dir='ltr'><strong>ACROASES.</strong></span> <span class='ocrx_word' id='word_1_3' title='bbox 1371 161 1494 216; x_wconf 78' lang='lat'>:545</span> 
     </span>
    </p>
   </div>
   <div class='ocr_carea' id='block_1_2' title="bbox 0 267 1654 2898">
    <p class='ocr_par' dir='ltr' id='par_1_2' title="bbox 0 267 1504 548">
     <span class='ocr_line' id='line_1_2' title="bbox 109 267 1503 324; baseline 0.001 -11"><span class='ocrx_word' id='word_1_4' title='bbox 109 316 113 319; x_wconf 58' lang='grc'>,</span> <span class='ocrx_word' id='word_1_5' title='bbox 162 270 231 314; x_wconf 77' lang='lat'><strong>46.</strong></span> <span class='ocrx_word' id='word_1_6' title='bbox 258 267 580 323; x_wconf 78' lang='grc' dir='ltr'><strong><em>Ἀντανέκλασας]</em></strong></span> <span class='ocrx_word' id='word_1_7' title='bbox 609 271 828 318; x_wconf 78' lang='lat' dir='ltr'><strong>Damnum,</strong></span> <span class='ocrx_word' id='word_1_8' title='bbox 857 271 968 324; x_wconf 81' lang='lat' dir='ltr'><strong>quod</strong></span> <span class='ocrx_word' id='word_1_9' title='bbox 990 272 1151 312; x_wconf 86' lang='lat' dir='ltr'><strong>barbari</strong></span> <span class='ocrx_word' id='word_1_10' title='bbox 1172 274 1333 314; x_wconf 78' lang='lat' dir='ltr'><strong>Graecis</strong></span> <span class='ocrx_word' id='word_1_11' title='bbox 1351 274 1503 315; x_wconf 69' lang='lat' dir='ltr'><strong>inferre</strong></span> 
     </span>
     <span class='ocr_line' id='line_1_3' title="bbox 0 327 1504 384; baseline 0.003 -18"><span class='ocrx_word' id='word_1_12' title='bbox 0 353 1 372; x_wconf 55' lang='lat'>2</span> <span class='ocrx_word' id='word_1_13' title='bbox 26 357 31 361; x_wconf 30' lang='lat'><strong>⁴</strong></span> <span class='ocrx_word' id='word_1_14' title='bbox 50 327 316 378; x_wconf 72' lang='lat' dir='ltr'><strong>conabantur,</strong></span> <span class='ocrx_word' id='word_1_15' title='bbox 346 335 484 367; x_wconf 89' lang='lat' dir='ltr'><strong>contra</strong></span> <span class='ocrx_word' id='word_1_16' title='bbox 507 329 616 380; x_wconf 81' lang='lat' dir='ltr'><strong>ipsos</strong></span> <span class='ocrx_word' id='word_1_17' title='bbox 636 328 817 366; x_wconf 69' lang='lat' dir='ltr'><strong>cedebau</strong></span> <span class='ocrx_word' id='word_1_18' title='bbox 843 341 936 366; x_wconf 82' lang='lat' dir='ltr'><strong>nam</strong></span> <span class='ocrx_word' id='word_1_19' title='bbox 959 329 1100 368; x_wconf 84' lang='lat' dir='ltr'><strong>Graeci</strong></span> <span class='ocrx_word' id='word_1_20' title='bbox 1125 331 1325 369; x_wconf 76' lang='lat' dir='ltr'><strong>testudini·</strong></span> <span class='ocrx_word' id='word_1_21' title='bbox 1341 331 1504 384; x_wconf 70' lang='lat' dir='ltr'><strong>inclusi,</strong></span> 
     </span>
     <span class='ocr_line' id='line_1_4' title="bbox 0 383 1503 435; baseline 0.003 -13"><span class='ocrx_word' id='word_1_22' title='bbox 0 399 1 402; x_wconf 48' lang='lat'>¹</span> <span class='ocrx_word' id='word_1_23' title='bbox 53 397 104 422; x_wconf 82' lang='lat' dir='ltr'><strong>ex</strong></span> <span class='ocrx_word' id='word_1_24' title='bbox 130 383 256 435; x_wconf 81' lang='lat' dir='ltr'><strong>ipsius</strong></span> <span class='ocrx_word' id='word_1_25' title='bbox 278 383 481 422; x_wconf 78' lang='lat' dir='ltr'><strong>machinae</strong></span> <span class='ocrx_word' id='word_1_26' title='bbox 498 384 688 422; x_wconf 74' lang='lat' dir='ltr'><strong>meatibus</strong></span> <span class='ocrx_word' id='word_1_27' title='bbox 709 385 892 422; x_wconf 85' lang='lat' dir='ltr'><strong>consulto</strong></span> <span class='ocrx_word' id='word_1_28' title='bbox 914 384 1012 423; x_wconf 76' lang='lat' dir='ltr'><strong>tut-is</strong></span> <span class='ocrx_word' id='word_1_29' title='bbox 1033 385 1078 424; x_wconf 88' lang='lat' dir='ltr'><strong>in</strong></span> <span class='ocrx_word' id='word_1_30' title='bbox 1095 386 1196 424; x_wconf 83' lang='lat' dir='ltr'><strong>locis</strong></span> <span class='ocrx_word' id='word_1_31' title='bbox 1221 387 1272 425; x_wconf 86' lang='lat' dir='ltr'><strong>ad</strong></span> <span class='ocrx_word' id='word_1_32' title='bbox 1291 387 1371 426; x_wconf 85' lang='lat' dir='ltr'><strong>hoc</strong></span> <span class='ocrx_word' id='word_1_33' title='bbox 1387 389 1503 426; x_wconf 82' lang='lat' dir='ltr'><strong>exci-</strong></span> 
     </span>
     <span class='ocr_line' id='line_1_5' title="bbox 49 440 1503 495; baseline 0.004 -17"><span class='ocrx_word' id='word_1_34' title='bbox 49 440 127 489; x_wconf 75' lang='lat' dir='ltr'><strong>sis,</strong></span> <span class='ocrx_word' id='word_1_35' title='bbox 156 446 292 478; x_wconf 90' lang='lat' dir='ltr'><strong>contra</strong></span> <span class='ocrx_word' id='word_1_36' title='bbox 320 440 411 478; x_wconf 87' lang='lat' dir='ltr'><strong>illos</strong></span> <span class='ocrx_word' id='word_1_37' title='bbox 430 441 508 478; x_wconf 87' lang='lat' dir='ltr'><strong>tela</strong></span> <span class='ocrx_word' id='word_1_38' title='bbox 537 441 768 490; x_wconf 78' lang='lat' dir='ltr'><strong>mittebant,</strong></span> <span class='ocrx_word' id='word_1_39' title='bbox 803 454 903 492; x_wconf 89' lang='lat' dir='ltr'><strong>quae</strong></span> <span class='ocrx_word' id='word_1_40' title='bbox 927 454 994 480; x_wconf 79' lang='lat' dir='ltr'><strong>eos</strong></span> <span class='ocrx_word' id='word_1_41' title='bbox 1021 455 1154 495; x_wconf 55' lang='lat' dir='ltr'><strong>supra,</strong></span> <span class='ocrx_word' id='word_1_42' title='bbox 1168 444 1306 483; x_wconf 77' lang='lat' dir='ltr'><strong>turres</strong></span> <span class='ocrx_word' id='word_1_43' title='bbox 1323 450 1364 483; x_wconf 81' lang='lat' dir='ltr'><strong>et</strong></span> <span class='ocrx_word' id='word_1_44' title='bbox 1389 456 1503 484; x_wconf 73' lang='lat' dir='ltr'><strong>moe·-</strong></span> 
     </span>
     <span class='ocr_line' id='line_1_6' title="bbox 48 495 1014 548; baseline 0.003 -15"><span class='ocrx_word' id='word_1_45' title='bbox 48 496 115 534; x_wconf 79' lang='lat' dir='ltr'><strong>ni&#39;a</strong></span> <span class='ocrx_word' id='word_1_46' title='bbox 135 495 178 534; x_wconf 90' lang='lat' dir='ltr'><strong>in</strong></span> <span class='ocrx_word' id='word_1_47' title='bbox 200 503 376 548; x_wconf 78' lang='lat' dir='ltr'><strong>apertum</strong></span> <span class='ocrx_word' id='word_1_48' title='bbox 398 503 546 535; x_wconf 78' lang='lat' dir='ltr'><strong>stantes</strong></span> <span class='ocrx_word' id='word_1_49' title='bbox 565 498 779 548; x_wconf 90' lang='lat' dir='ltr'><strong>plurimum</strong></span> <span class='ocrx_word' id='word_1_50' title='bbox 798 497 1014 537; x_wconf 84' lang='lat' dir='ltr'><strong>laedebant.</strong></span> 
     </span>
    </p>

    <p class='ocr_par' dir='ltr' id='par_1_3' title="bbox 50 549 1496 647">
     <span class='ocr_line' id='line_1_7' title="bbox 161 549 1496 606; baseline 0.001 -13"><span class='ocrx_word' id='word_1_51' title='bbox 161 553 231 594; x_wconf 65' lang='lat'><strong>48.</strong></span> <span class='ocrx_word' id='word_1_52' title='bbox 269 549 412 603; x_wconf 75' lang='grc' dir='ltr'><strong><em>Κάτω]</em></strong></span> <span class='ocrx_word' id='word_1_53' title='bbox 450 553 515 590; x_wconf 85' lang='lat' dir='ltr'><strong>sic</strong></span> <span class='ocrx_word' id='word_1_54' title='bbox 553 553 706 601; x_wconf 75' lang='lat' dir='ltr'><strong>Code13</strong></span> <span class='ocrx_word' id='word_1_55' title='bbox 749 554 955 593; x_wconf 75' lang='lat' dir='ltr'><strong>Cornelius</strong></span> <span class='ocrx_word' id='word_1_56' title='bbox 985 554 1097 594; x_wconf 76' lang='lat' dir='ltr'><strong>aliter</strong></span> <span class='ocrx_word' id='word_1_57' title='bbox 1130 554 1299 606; x_wconf 82' lang='lat' dir='ltr'><strong>legerat,</strong></span> <span class='ocrx_word' id='word_1_58' title='bbox 1335 555 1407 595; x_wconf 83' lang='lat' dir='ltr'><strong>sed</strong></span> <span class='ocrx_word' id='word_1_59' title='bbox 1437 556 1496 595; x_wconf 82' lang='lat' dir='ltr'><strong>ita</strong></span> 
     </span>
     <span class='ocr_line' id='line_1_8' title="bbox 50 608 1227 647; baseline 0.001 -2"><span class='ocrx_word' id='word_1_60' title='bbox 50 608 336 646; x_wconf 87' lang='lat' dir='ltr'><strong>emendandum</strong></span> <span class='ocrx_word' id='word_1_61' title='bbox 358 609 455 646; x_wconf 87' lang='lat' dir='ltr'><strong>bene</strong></span> <span class='ocrx_word' id='word_1_62' title='bbox 479 609 729 647; x_wconf 87' lang='lat' dir='ltr'><strong>coniectavit.</strong></span> <span class='ocrx_word' id='word_1_63' title='bbox 1223 643 1227 646; x_wconf 18' lang='grc' dir='ltr'><em>Α</em></span> 
     </span>
    </p>

    <p class='ocr_par' dir='ltr' id='par_1_4' title="bbox 46 661 1497 828">
     <span class='ocr_line' id='line_1_9' title="bbox 162 661 1496 717; baseline 0.004 -15"><span class='ocrx_word' id='word_1_64' title='bbox 162 665 229 707; x_wconf 80' lang='lat'><strong>52.</strong></span> <span class='ocrx_word' id='word_1_65' title='bbox 259 661 419 717; x_wconf 81' lang='grc' dir='ltr'>Κηρόν]</span> <span class='ocrx_word' id='word_1_66' title='bbox 451 666 526 702; x_wconf 86' lang='lat' dir='ltr'><strong>Pro</strong></span> <span class='ocrx_word' id='word_1_67' title='bbox 543 668 649 717; x_wconf 78' lang='grc' dir='ltr'><strong><em>κῆρα</em></strong></span> <span class='ocrx_word' id='word_1_68' title='bbox 666 665 840 717; x_wconf 85' lang='lat' dir='ltr'><strong>positum</strong></span> <span class='ocrx_word' id='word_1_69' title='bbox 856 666 1048 716; x_wconf 84' lang='lat' dir='ltr'><strong>arbitror,</strong></span> <span class='ocrx_word' id='word_1_70' title='bbox 1077 680 1149 705; x_wconf 80' lang='lat' dir='ltr'><strong>seu</strong></span> <span class='ocrx_word' id='word_1_71' title='bbox 1169 680 1300 706; x_wconf 72' lang='lat' dir='ltr'><strong>more</strong></span> <span class='ocrx_word' id='word_1_72' title='bbox 1327 666 1496 717; x_wconf 82' lang='lat' dir='ltr'><strong>librarii,</strong></span> 
     </span>
     <span class='ocr_line' id='line_1_10' title="bbox 50 720 1497 775; baseline 0.004 -18"><span class='ocrx_word' id='word_1_73' title='bbox 50 733 122 758; x_wconf 88' lang='lat' dir='ltr'><strong>seu</strong></span> <span class='ocrx_word' id='word_1_74' title='bbox 158 720 294 771; x_wconf 77' lang='lat' dir='ltr'><strong>potius</strong></span> <span class='ocrx_word' id='word_1_75' title='bbox 324 721 412 759; x_wconf 86' lang='lat' dir='ltr'><strong>aevi</strong></span> <span class='ocrx_word' id='word_1_76' title='bbox 436 720 562 771; x_wconf 84' lang='lat' dir='ltr'><strong>vitio,</strong></span> <span class='ocrx_word' id='word_1_77' title='bbox 589 734 668 772; x_wconf 84' lang='lat' dir='ltr'><strong>quo</strong></span> <span class='ocrx_word' id='word_1_78' title='bbox 693 721 864 761; x_wconf 82' lang='lat' dir='ltr'><strong>Graecae</strong></span> <span class='ocrx_word' id='word_1_79' title='bbox 890 723 1048 774; x_wconf 85' lang='lat' dir='ltr'><strong>linguae</strong></span> <span class='ocrx_word' id='word_1_80' title='bbox 1075 723 1266 775; x_wconf 79' lang='lat' dir='ltr'><strong>elegantia</strong></span> <span class='ocrx_word' id='word_1_81' title='bbox 1285 737 1426 775; x_wconf 84' lang='lat' dir='ltr'><strong>magna</strong></span> <span class='ocrx_word' id='word_1_82' title='bbox 1445 736 1497 763; x_wconf 81' lang='lat' dir='ltr'><strong>ex</strong></span> 
     </span>
     <span class='ocr_line' id='line_1_11' title="bbox 46 777 360 828; baseline 0.006 -14"><span class='ocrx_word' id='word_1_83' title='bbox 46 781 160 828; x_wconf 79' lang='lat' dir='ltr'><strong>parte</strong></span> <span class='ocrx_word' id='word_1_84' title='bbox 181 777 360 826; x_wconf 86' lang='lat' dir='ltr'><strong>perierat.</strong></span> 
     </span>
    </p>

    <p class='ocr_par' dir='ltr' id='par_1_5' title="bbox 42 829 1654 1334">
     <span class='ocr_line' id='line_1_12' title="bbox 159 829 1500 887; baseline 0.001 -16"><span class='ocrx_word' id='word_1_85' title='bbox 159 834 228 875; x_wconf 83' lang='lat'><strong>53.</strong></span> <span class='ocrx_word' id='word_1_86' title='bbox 267 829 436 884; x_wconf 80' lang='grc' dir='ltr'>Κριούς]</span> <span class='ocrx_word' id='word_1_87' title='bbox 477 833 746 884; x_wconf 86' lang='lat' dir='ltr'><strong>Nicephorum</strong></span> <span class='ocrx_word' id='word_1_88' title='bbox 777 833 897 872; x_wconf 84' lang='lat' dir='ltr'><strong>hasce</strong></span> <span class='ocrx_word' id='word_1_89' title='bbox 923 834 1127 873; x_wconf 84' lang='lat' dir='ltr'><strong>machinas</strong></span> <span class='ocrx_word' id='word_1_90' title='bbox 1155 835 1207 873; x_wconf 89' lang='lat' dir='ltr'><strong>ad</strong></span> <span class='ocrx_word' id='word_1_91' title='bbox 1236 834 1500 887; x_wconf 77' lang='lat' dir='ltr'><strong>oppugnanda</strong></span> 
     </span>
     <span class='ocr_line' id='line_1_13' title="bbox 47 889 1500 942; baseline 0.003 -17"><span class='ocrx_word' id='word_1_92' title='bbox 47 889 334 926; x_wconf 87' lang='lat' dir='ltr'><strong>Saracenorum</strong></span> <span class='ocrx_word' id='word_1_93' title='bbox 362 890 514 927; x_wconf 89' lang='lat' dir='ltr'><strong>moenia</strong></span> <span class='ocrx_word' id='word_1_94' title='bbox 534 890 757 928; x_wconf 78' lang='lat' dir='ltr'><strong>adhibuisse</strong></span> <span class='ocrx_word' id='word_1_95' title='bbox 778 896 934 929; x_wconf 88' lang='lat' dir='ltr'><strong>narrrat</strong></span> <span class='ocrx_word' id='word_1_96' title='bbox 960 891 1078 942; x_wconf 85' lang='lat' dir='ltr'><strong>etiam</strong></span> <span class='ocrx_word' id='word_1_97' title='bbox 1097 892 1175 929; x_wconf 89' lang='lat' dir='ltr'><strong>Leo</strong></span> <span class='ocrx_word' id='word_1_98' title='bbox 1199 891 1416 940; x_wconf 75' lang='lat' dir='ltr'><strong>Diaconus,</strong></span> <span class='ocrx_word' id='word_1_99' title='bbox 1442 891 1500 929; x_wconf 80' lang='lat' dir='ltr'><strong>ita</strong></span> 
     </span>
     <span class='ocr_line' id='line_1_14' title="bbox 49 944 1502 999; baseline 0.002 -18"><span class='ocrx_word' id='word_1_100' title='bbox 49 944 246 983; x_wconf 83' lang='lat' dir='ltr'><strong>scribens:</strong></span> <span class='ocrx_word' id='word_1_101' title='bbox 279 946 371 995; x_wconf 80' lang='lat' dir='ltr'><strong>Qua</strong></span> <span class='ocrx_word' id='word_1_102' title='bbox 389 960 432 983; x_wconf 88' lang='lat' dir='ltr'><strong>re</strong></span> <span class='ocrx_word' id='word_1_103' title='bbox 447 954 656 997; x_wconf 78' lang='lat' dir='ltr'><strong>perspecta</strong></span> <span class='ocrx_word' id='word_1_104' title='bbox 676 949 845 984; x_wconf 83' lang='lat' dir='ltr'><strong>Praetor</strong></span> <span class='ocrx_word' id='word_1_105' title='bbox 866 949 1075 998; x_wconf 83' lang='lat' dir='ltr'><strong>petrarias</strong></span> <span class='ocrx_word' id='word_1_106' title='bbox 1097 954 1349 999; x_wconf 67' lang='lat' dir='ltr'><strong>quantocyus</strong></span> <span class='ocrx_word' id='word_1_107' title='bbox 1365 945 1502 985; x_wconf 78' lang='lat' dir='ltr'><strong>addu-</strong></span> 
     </span>
     <span class='ocr_line' id='line_1_15' title="bbox 50 1001 1502 1055; baseline 0.003 -19"><span class='ocrx_word' id='word_1_108' title='bbox 50 1002 124 1048; x_wconf 77' lang='lat' dir='ltr'><strong>xit,</strong></span> <span class='ocrx_word' id='word_1_109' title='bbox 153 1001 315 1051; x_wconf 79' lang='lat' dir='ltr'><strong>illisque</strong></span> <span class='ocrx_word' id='word_1_110' title='bbox 330 1001 514 1052; x_wconf 84' lang='lat' dir='ltr'><strong>lapidum</strong></span> <span class='ocrx_word' id='word_1_111' title='bbox 532 1002 655 1039; x_wconf 80' lang='lat' dir='ltr'><strong>imbre</strong></span> <span class='ocrx_word' id='word_1_112' title='bbox 680 1003 872 1040; x_wconf 82' lang='lat' dir='ltr'><strong>barbaros</strong></span> <span class='ocrx_word' id='word_1_113' title='bbox 888 1005 975 1055; x_wconf 81' lang='lat' dir='ltr'><strong>peti</strong></span> <span class='ocrx_word' id='word_1_114' title='bbox 1003 1005 1139 1043; x_wconf 80' lang='lat' dir='ltr'><strong>iussit.</strong></span> <span class='ocrx_word' id='word_1_115' title='bbox 1177 1002 1251 1041; x_wconf 88' lang='lat' dir='ltr'><strong>Ad</strong></span> <span class='ocrx_word' id='word_1_116' title='bbox 1263 1003 1363 1041; x_wconf 88' lang='lat' dir='ltr'><strong>haec</strong></span> <span class='ocrx_word' id='word_1_117' title='bbox 1379 1005 1502 1040; x_wconf 81' lang='lat' dir='ltr'><strong>etiam</strong></span> 
     </span>
     <span class='ocr_line' id='line_1_16' title="bbox 53 1056 1501 1112; baseline 0.003 -20"><span class='ocrx_word' id='word_1_118' title='bbox 53 1056 339 1094; x_wconf 75' lang='lat' dir='ltr'><strong>obsidionalem</strong></span> <span class='ocrx_word' id='word_1_119' title='bbox 359 1059 615 1108; x_wconf 69' lang='lat' dir='ltr'><strong>peculiarius</strong></span> <span class='ocrx_word' id='word_1_120' title='bbox 647 1059 878 1096; x_wconf 78' lang='lat' dir='ltr'><strong>machinam</strong></span> <span class='ocrx_word' id='word_1_121' title='bbox 914 1058 1096 1112; x_wconf 84' lang='lat' dir='ltr'><strong>(arietem</strong></span> <span class='ocrx_word' id='word_1_122' title='bbox 1126 1061 1305 1098; x_wconf 84' lang='lat' dir='ltr'><strong>Romani</strong></span> <span class='ocrx_word' id='word_1_123' title='bbox 1335 1058 1501 1111; x_wconf 67' lang='lat' dir='ltr'><strong>vocant)</strong></span> 
     </span>
     <span class='ocr_line' id='line_1_17' title="bbox 52 1111 1501 1166; baseline 0.003 -17"><span class='ocrx_word' id='word_1_124' title='bbox 52 1111 261 1150; x_wconf 77' lang='lat' dir='ltr'><strong>adhibuit:</strong></span> <span class='ocrx_word' id='word_1_125' title='bbox 291 1116 485 1164; x_wconf 82' lang='lat' dir='ltr'><strong>petrariis</strong></span> <span class='ocrx_word' id='word_1_126' title='bbox 511 1123 646 1152; x_wconf 84' lang='lat' dir='ltr'><strong>autem</strong></span> <span class='ocrx_word' id='word_1_127' title='bbox 676 1115 811 1152; x_wconf 83' lang='lat' dir='ltr'><strong>crebra</strong></span> <span class='ocrx_word' id='word_1_128' title='bbox 840 1130 1031 1152; x_wconf 75' lang='lat' dir='ltr'><strong>saxorum</strong></span> <span class='ocrx_word' id='word_1_129' title='bbox 1054 1115 1236 1166; x_wconf 81' lang='lat' dir='ltr'><strong>pondera</strong></span> <span class='ocrx_word' id='word_1_130' title='bbox 1259 1117 1501 1163; x_wconf 73' lang='lat' dir='ltr'><strong>rotantibus,</strong></span> 
     </span>
     <span class='ocr_line' id='line_1_18' title="bbox 42 1170 1502 1223; baseline 0.003 -19"><span class='ocrx_word' id='word_1_131' title='bbox 42 1170 172 1219; x_wconf 86' lang='lat' dir='ltr'><strong>facili</strong></span> <span class='ocrx_word' id='word_1_132' title='bbox 187 1172 342 1220; x_wconf 82' lang='lat' dir='ltr'><strong>negotio</strong></span> <span class='ocrx_word' id='word_1_133' title='bbox 361 1171 543 1208; x_wconf 84' lang='lat' dir='ltr'><strong>Barbari</strong></span> <span class='ocrx_word' id='word_1_134' title='bbox 557 1174 723 1222; x_wconf 72' lang='lat' dir='ltr'><strong>repressi</strong></span> <span class='ocrx_word' id='word_1_135' title='bbox 745 1178 837 1208; x_wconf 83' lang='lat' dir='ltr'><strong>sunt</strong></span> <span class='ocrx_word' id='word_1_136' title='bbox 847 1187 859 1208; x_wconf 86' lang='grc'><strong>.-</strong></span> <span class='ocrx_word' id='word_1_137' title='bbox 890 1173 1124 1223; x_wconf 82' lang='lat' dir='ltr'><strong>interimque</strong></span> <span class='ocrx_word' id='word_1_138' title='bbox 1140 1173 1263 1208; x_wconf 87' lang='lat' dir='ltr'><strong>ariete</strong></span> <span class='ocrx_word' id='word_1_139' title='bbox 1279 1174 1409 1210; x_wconf 82' lang='lat' dir='ltr'><strong>muris</strong></span> <span class='ocrx_word' id='word_1_140' title='bbox 1427 1171 1502 1210; x_wconf 69' lang='lat' dir='ltr'><strong>ad-</strong></span> 
     </span>
     <span class='ocr_line' id='line_1_19' title="bbox 52 1228 1654 1278; baseline 0.003 -17"><span class='ocrx_word' id='word_1_141' title='bbox 52 1232 158 1262; x_wconf 85' lang='lat' dir='ltr'><strong>moto</strong></span> <span class='ocrx_word' id='word_1_142' title='bbox 196 1228 347 1263; x_wconf 86' lang='lat' dir='ltr'><strong>maiore</strong></span> <span class='ocrx_word' id='word_1_143' title='bbox 374 1229 525 1278; x_wconf 80' lang='lat' dir='ltr'><strong>impetu</strong></span> <span class='ocrx_word' id='word_1_144' title='bbox 558 1231 776 1278; x_wconf 77' lang='lat' dir='ltr'><strong>quatiente,</strong></span> <span class='ocrx_word' id='word_1_145' title='bbox 814 1229 896 1266; x_wconf 64' lang='lat' dir='ltr'><strong>riri</strong></span> <span class='ocrx_word' id='word_1_146' title='bbox 920 1229 1141 1278; x_wconf 65' lang='lat' dir='ltr'><strong>naupauci</strong></span> <span class='ocrx_word' id='word_1_147' title='bbox 1152 1228 1322 1277; x_wconf 86' lang='lat' dir='ltr'><strong>fossam</strong></span> <span class='ocrx_word' id='word_1_148' title='bbox 1337 1229 1502 1268; x_wconf 73' lang='lat' dir='ltr'><strong>subiere.</strong></span> <span class='ocrx_word' id='word_1_149' title='bbox 1526 1239 1603 1274; x_wconf 75' lang='lat'><strong>001.</strong></span> <span class='ocrx_word' id='word_1_150' title='bbox 1629 1241 1654 1274; x_wconf 76' lang='lat'>2</span> 
     </span>
     <span class='ocr_line' id='line_1_20' title="bbox 53 1281 588 1334; baseline 0.006 -14"><span class='ocrx_word' id='word_1_151' title='bbox 53 1281 142 1320; x_wconf 88' lang='lat' dir='ltr'><strong>Vid.</strong></span> <span class='ocrx_word' id='word_1_152' title='bbox 159 1281 249 1332; x_wconf 76' lang='lat' dir='ltr'><strong>Pag.</strong></span> <span class='ocrx_word' id='word_1_153' title='bbox 267 1282 363 1320; x_wconf 91' lang='lat' dir='ltr'><strong>ibid.</strong></span> <span class='ocrx_word' id='word_1_154' title='bbox 382 1297 468 1334; x_wconf 79' lang='lat' dir='ltr'><strong>pag.</strong></span> <span class='ocrx_word' id='word_1_155' title='bbox 492 1285 588 1330; x_wconf 77' lang='lat'><strong>874.</strong></span> 
     </span>
    </p>

    <p class='ocr_par' dir='ltr' id='par_1_6' title="bbox 49 1333 1504 2120">
     <span class='ocr_line' id='line_1_21' title="bbox 165 1333 1502 1391; baseline -0.004 -15"><span class='ocrx_word' id='word_1_156' title='bbox 165 1337 267 1376; x_wconf 80' lang='lat' dir='ltr'><strong>Ibid.</strong></span> <span class='ocrx_word' id='word_1_157' title='bbox 301 1341 526 1386; x_wconf 81' lang='grc' dir='ltr'><strong><em>Χελωνίους</em></strong></span> <span class='ocrx_word' id='word_1_158' title='bbox 558 1339 714 1391; x_wconf 84' lang='grc' dir='ltr'><strong><em>τέχνας]</em></strong></span> <span class='ocrx_word' id='word_1_159' title='bbox 754 1339 984 1378; x_wconf 85' lang='lat' dir='ltr'><strong>Testudines</strong></span> <span class='ocrx_word' id='word_1_160' title='bbox 1018 1336 1172 1376; x_wconf 84' lang='lat' dir='ltr'><strong>scilicet</strong></span> <span class='ocrx_word' id='word_1_161' title='bbox 1196 1333 1502 1385; x_wconf 58' lang='lat' dir='ltr'><strong>oppugnaturi„</strong></span> 
     </span>
     <span class='ocr_line' id='line_1_22' title="bbox 52 1390 1503 1446; baseline 0 -16"><span class='ocrx_word' id='word_1_162' title='bbox 52 1392 101 1430; x_wconf 88' lang='lat' dir='ltr'><strong>ab</strong></span> <span class='ocrx_word' id='word_1_163' title='bbox 118 1393 189 1441; x_wconf 84' lang='lat' dir='ltr'><strong>iis,</strong></span> <span class='ocrx_word' id='word_1_164' title='bbox 222 1408 316 1444; x_wconf 84' lang='lat' dir='ltr'><strong>quas</strong></span> <span class='ocrx_word' id='word_1_165' title='bbox 338 1409 457 1446; x_wconf 75' lang='lat' dir='ltr'><strong>supra</strong></span> <span class='ocrx_word' id='word_1_166' title='bbox 483 1397 733 1443; x_wconf 81' lang='lat' dir='ltr'><strong>memoravit,</strong></span> <span class='ocrx_word' id='word_1_167' title='bbox 763 1396 956 1445; x_wconf 85' lang='lat' dir='ltr'><strong>diversas,</strong></span> <span class='ocrx_word' id='word_1_168' title='bbox 984 1394 1152 1445; x_wconf 85' lang='lat' dir='ltr'><strong>ideoque</strong></span> <span class='ocrx_word' id='word_1_169' title='bbox 1182 1397 1221 1430; x_wconf 84' lang='lat' dir='ltr'><strong>et</strong></span> <span class='ocrx_word' id='word_1_170' title='bbox 1246 1390 1295 1427; x_wconf 79' lang='lat' dir='ltr'><strong>ab</strong></span> <span class='ocrx_word' id='word_1_171' title='bbox 1326 1403 1372 1428; x_wconf 77' lang='lat' dir='ltr'><strong>eo</strong></span> <span class='ocrx_word' id='word_1_172' title='bbox 1389 1391 1503 1429; x_wconf 73' lang='lat' dir='ltr'><strong>aliter</strong></span> 
     </span>
     <span class='ocr_line' id='line_1_23' title="bbox 50 1446 1502 1503; baseline -0.003 -16"><span class='ocrx_word' id='word_1_173' title='bbox 50 1461 134 1487; x_wconf 87' lang='lat' dir='ltr'><strong>nun</strong></span> <span class='ocrx_word' id='word_1_174' title='bbox 217 1456 312 1490; x_wconf 80' lang='lat' dir='ltr'><strong>atas.</strong></span> <span class='ocrx_word' id='word_1_175' title='bbox 358 1451 455 1489; x_wconf 85' lang='lat' dir='ltr'><strong>Erat</strong></span> <span class='ocrx_word' id='word_1_176' title='bbox 480 1451 578 1489; x_wconf 89' lang='lat' dir='ltr'><strong>haec</strong></span> <span class='ocrx_word' id='word_1_177' title='bbox 603 1451 782 1490; x_wconf 87' lang='lat' dir='ltr'><strong>machina</strong></span> <span class='ocrx_word' id='word_1_178' title='bbox 809 1458 980 1503; x_wconf 90' lang='lat' dir='ltr'><strong>quatuor</strong></span> <span class='ocrx_word' id='word_1_179' title='bbox 1004 1450 1167 1488; x_wconf 80' lang='lat' dir='ltr'><strong>suffulta</strong></span> <span class='ocrx_word' id='word_1_180' title='bbox 1188 1446 1312 1495; x_wconf 90' lang='lat' dir='ltr'><strong>rotis,</strong></span> <span class='ocrx_word' id='word_1_181' title='bbox 1344 1459 1423 1498; x_wconf 88' lang='lat' dir='ltr'><strong>quo</strong></span> <span class='ocrx_word' id='word_1_182' title='bbox 1444 1447 1502 1484; x_wconf 79' lang='lat' dir='ltr'><strong>fa..</strong></span> 
     </span>
     <span class='ocr_line' id='line_1_24' title="bbox 53 1463 1504 1559; baseline -0.001 -17"><span class='ocrx_word' id='word_1_183' title='bbox 53 1463 289 1554; x_wconf 46' lang='lat' dir='ltr'><strong>ciliucs&#39;f—ssubi</strong></span> <span class='ocrx_word' id='word_1_184' title='bbox 313 1521 411 1559; x_wconf 81' lang='lat' dir='ltr'><strong>opus</strong></span> <span class='ocrx_word' id='word_1_185' title='bbox 432 1509 552 1556; x_wconf 84' lang='lat' dir='ltr'><strong>foret,</strong></span> <span class='ocrx_word' id='word_1_186' title='bbox 572 1508 804 1557; x_wconf 81' lang='lat' dir='ltr'><strong>veheretur,</strong></span> <span class='ocrx_word' id='word_1_187' title='bbox 835 1508 1043 1558; x_wconf 85' lang='lat' dir='ltr'><strong>crudisque</strong></span> <span class='ocrx_word' id='word_1_188' title='bbox 1065 1503 1295 1543; x_wconf 81' lang='lat' dir='ltr'><strong>animalium</strong></span> <span class='ocrx_word' id='word_1_189' title='bbox 1315 1504 1433 1542; x_wconf 73' lang='lat' dir='ltr'><strong>coriis</strong></span> <span class='ocrx_word' id='word_1_190' title='bbox 1451 1503 1504 1542; x_wconf 79' lang='lat' dir='ltr'><strong>ad.</strong></span> 
     </span>
     <span class='ocr_line' id='line_1_25' title="bbox 49 1559 1503 1604; baseline 0 -6"><span class='ocrx_word' id='word_1_191' title='bbox 49 1561 112 1599; x_wconf 80' lang='lat' dir='ltr'><strong>mi</strong></span> <span class='ocrx_word' id='word_1_192' title='bbox 130 1562 332 1600; x_wconf 83' lang='lat' dir='ltr'><strong>munimen</strong></span> <span class='ocrx_word' id='word_1_193' title='bbox 350 1564 593 1602; x_wconf 80' lang='lat' dir='ltr'><strong>extrinsecus</strong></span> <span class='ocrx_word' id='word_1_194' title='bbox 614 1571 811 1604; x_wconf 82' lang='lat' dir='ltr'><strong>contexta.</strong></span> <span class='ocrx_word' id='word_1_195' title='bbox 870 1562 1107 1602; x_wconf 81' lang='lat' dir='ltr'><strong>continebat</strong></span> <span class='ocrx_word' id='word_1_196' title='bbox 1124 1574 1169 1599; x_wconf 88' lang='lat' dir='ltr'><strong>ea</strong></span> <span class='ocrx_word' id='word_1_197' title='bbox 1185 1560 1328 1598; x_wconf 75' lang='lat' dir='ltr'><strong>milites</strong></span> <span class='ocrx_word' id='word_1_198' title='bbox 1348 1559 1398 1597; x_wconf 90' lang='lat' dir='ltr'><strong>ad</strong></span> <span class='ocrx_word' id='word_1_199' title='bbox 1413 1565 1503 1598; x_wconf 82' lang='lat' dir='ltr'><strong>mu-</strong></span> 
     </span>
     <span class='ocr_line' id='line_1_26' title="bbox 51 1617 1503 1670; baseline 0 -16"><span class='ocrx_word' id='word_1_200' title='bbox 51 1630 119 1655; x_wconf 78' lang='lat' dir='ltr'><strong>ros</strong></span> <span class='ocrx_word' id='word_1_201' title='bbox 141 1617 409 1656; x_wconf 82' lang='lat' dir='ltr'><strong>suffodiendos</strong></span> <span class='ocrx_word' id='word_1_202' title='bbox 423 1649 433 1667; x_wconf 92' lang='lat'>‚</span> <span class='ocrx_word' id='word_1_203' title='bbox 463 1627 502 1657; x_wconf 89' lang='lat' dir='ltr'><strong>et</strong></span> <span class='ocrx_word' id='word_1_204' title='bbox 521 1621 569 1657; x_wconf 89' lang='lat' dir='ltr'><strong>ad</strong></span> <span class='ocrx_word' id='word_1_205' title='bbox 592 1634 656 1658; x_wconf 87' lang='lat' dir='ltr'><strong>eos</strong></span> <span class='ocrx_word' id='word_1_206' title='bbox 676 1621 816 1658; x_wconf 89' lang='lat' dir='ltr'><strong>deinde</strong></span> <span class='ocrx_word' id='word_1_207' title='bbox 829 1620 1071 1670; x_wconf 74' lang='lat' dir='ltr'><strong>quassandas</strong></span> <span class='ocrx_word' id='word_1_208' title='bbox 1092 1617 1260 1655; x_wconf 86' lang='lat' dir='ltr'><strong>libratus</strong></span> <span class='ocrx_word' id='word_1_209' title='bbox 1278 1617 1377 1655; x_wconf 79' lang='lat' dir='ltr'><strong>aries</strong></span> <span class='ocrx_word' id='word_1_210' title='bbox 1402 1629 1503 1654; x_wconf 88' lang='lat' dir='ltr'><strong>con-</strong></span> 
     </span>
     <span class='ocr_line' id='line_1_27' title="bbox 51 1672 1502 1728; baseline 0.001 -18"><span class='ocrx_word' id='word_1_211' title='bbox 51 1674 326 1723; x_wconf 75' lang='lat' dir='ltr'><strong>torquebatur.</strong></span> <span class='ocrx_word' id='word_1_212' title='bbox 386 1675 547 1726; x_wconf 85' lang='lat' dir='ltr'><strong>Optime</strong></span> <span class='ocrx_word' id='word_1_213' title='bbox 574 1690 661 1714; x_wconf 89' lang='lat' dir='ltr'><strong>eam</strong></span> <span class='ocrx_word' id='word_1_214' title='bbox 694 1676 902 1728; x_wconf 76' lang='lat' dir='ltr'><strong>descripsit</strong></span> <span class='ocrx_word' id='word_1_215' title='bbox 927 1674 1034 1713; x_wconf 86' lang='lat' dir='ltr'><strong>hisce</strong></span> <span class='ocrx_word' id='word_1_216' title='bbox 1055 1673 1186 1713; x_wconf 80' lang='lat' dir='ltr'><strong>verbis</strong></span> <span class='ocrx_word' id='word_1_217' title='bbox 1209 1672 1414 1710; x_wconf 71' lang='lat' dir='ltr'><strong>Vitruvius</strong></span> <span class='ocrx_word' id='word_1_218' title='bbox 1432 1673 1502 1711; x_wconf 85' lang='lat' dir='ltr'><strong>lib.</strong></span> 
     </span>
     <span class='ocr_line' id='line_1_28' title="bbox 51 1729 1502 1780; baseline 0 -14"><span class='ocrx_word' id='word_1_219' title='bbox 51 1729 104 1767; x_wconf 77' lang='lat' dir='ltr'><strong>X.</strong></span> <span class='ocrx_word' id='word_1_220' title='bbox 136 1742 220 1780; x_wconf 83' lang='lat' dir='ltr'><strong>cap.</strong></span> <span class='ocrx_word' id='word_1_221' title='bbox 253 1734 326 1772; x_wconf 84' lang='lat'><strong>19:</strong></span> <span class='ocrx_word' id='word_1_222' title='bbox 371 1731 509 1768; x_wconf 79' lang='lat' dir='ltr'><strong>Cetras</strong></span> <span class='ocrx_word' id='word_1_223' title='bbox 543 1740 674 1769; x_wconf 84' lang='lat' dir='ltr'><strong>autem</strong></span> <span class='ocrx_word' id='word_1_224' title='bbox 704 1730 1002 1771; x_wconf 68' lang='lat' dir='ltr'><strong>Chalcedonius</strong></span> <span class='ocrx_word' id='word_1_225' title='bbox 1036 1730 1084 1767; x_wconf 86' lang='lat' dir='ltr'><strong>de</strong></span> <span class='ocrx_word' id='word_1_226' title='bbox 1123 1731 1295 1766; x_wconf 77' lang='lat' dir='ltr'><strong>materia</strong></span> <span class='ocrx_word' id='word_1_227' title='bbox 1317 1730 1502 1780; x_wconf 81' lang='lat' dir='ltr'><strong>primum</strong></span> 
     </span>
     <span class='ocr_line' id='line_1_29' title="bbox 53 1785 1502 1839; baseline 0.001 -17"><span class='ocrx_word' id='word_1_228' title='bbox 53 1785 184 1822; x_wconf 69' lang='lat' dir='ltr'><strong>basim</strong></span> <span class='ocrx_word' id='word_1_229' title='bbox 208 1786 395 1823; x_wconf 83' lang='lat' dir='ltr'><strong>subiectis</strong></span> <span class='ocrx_word' id='word_1_230' title='bbox 412 1790 515 1824; x_wconf 85' lang='lat' dir='ltr'><strong>rotis</strong></span> <span class='ocrx_word' id='word_1_231' title='bbox 525 1789 641 1837; x_wconf 85' lang='lat' dir='ltr'><strong>fecit,</strong></span> <span class='ocrx_word' id='word_1_232' title='bbox 671 1801 871 1839; x_wconf 79' lang='lat' dir='ltr'><strong>supraque</strong></span> <span class='ocrx_word' id='word_1_233' title='bbox 890 1789 1083 1838; x_wconf 80' lang='lat' dir='ltr'><strong>compegit</strong></span> <span class='ocrx_word' id='word_1_234' title='bbox 1105 1787 1351 1834; x_wconf 72' lang='lat' dir='ltr'><strong>arrectariis,</strong></span> <span class='ocrx_word' id='word_1_235' title='bbox 1380 1793 1417 1822; x_wconf 83' lang='lat' dir='ltr'><strong>et</strong></span> <span class='ocrx_word' id='word_1_236' title='bbox 1435 1787 1502 1823; x_wconf 76' lang='lat' dir='ltr'><strong>iu-</strong></span> 
     </span>
     <span class='ocr_line' id='line_1_30' title="bbox 51 1841 1500 1894; baseline 0.001 -16"><span class='ocrx_word' id='word_1_237' title='bbox 51 1842 122 1891; x_wconf 74' lang='lat' dir='ltr'><strong>gis</strong></span> <span class='ocrx_word' id='word_1_238' title='bbox 142 1855 278 1886; x_wconf 85' lang='lat' dir='ltr'><strong>varas,</strong></span> <span class='ocrx_word' id='word_1_239' title='bbox 296 1849 332 1879; x_wconf 85' lang='lat' dir='ltr'><strong>et</strong></span> <span class='ocrx_word' id='word_1_240' title='bbox 351 1845 395 1880; x_wconf 84' lang='lat' dir='ltr'><strong>in</strong></span> <span class='ocrx_word' id='word_1_241' title='bbox 408 1843 475 1880; x_wconf 82' lang='lat' dir='ltr'><strong>his</strong></span> <span class='ocrx_word' id='word_1_242' title='bbox 493 1843 699 1894; x_wconf 78' lang='lat' dir='ltr'><strong>suspendit</strong></span> <span class='ocrx_word' id='word_1_243' title='bbox 719 1846 895 1891; x_wconf 79' lang='lat' dir='ltr'><strong>arietem,</strong></span> <span class='ocrx_word' id='word_1_244' title='bbox 926 1845 1124 1894; x_wconf 78' lang='lat' dir='ltr'><strong>coriisque</strong></span> <span class='ocrx_word' id='word_1_245' title='bbox 1144 1841 1306 1879; x_wconf 70' lang='lat' dir='ltr'><strong>bubulis</strong></span> <span class='ocrx_word' id='word_1_246' title='bbox 1326 1844 1432 1892; x_wconf 75' lang='lat' dir='ltr'><strong>texit,</strong></span> <span class='ocrx_word' id='word_1_247' title='bbox 1454 1849 1500 1880; x_wconf 79' lang='lat' dir='ltr'><strong>ut</strong></span> 
     </span>
     <span class='ocr_line' id='line_1_31' title="bbox 54 1897 1500 1950; baseline 0.001 -16"><span class='ocrx_word' id='word_1_248' title='bbox 54 1898 224 1935; x_wconf 84' lang='lat' dir='ltr'><strong>tutiores</strong></span> <span class='ocrx_word' id='word_1_249' title='bbox 248 1907 392 1948; x_wconf 82' lang='lat' dir='ltr'><strong>essent,</strong></span> <span class='ocrx_word' id='word_1_250' title='bbox 419 1902 492 1950; x_wconf 83' lang='lat' dir='ltr'><strong>qai</strong></span> <span class='ocrx_word' id='word_1_251' title='bbox 522 1901 563 1937; x_wconf 86' lang='lat' dir='ltr'><strong>in</strong></span> <span class='ocrx_word' id='word_1_252' title='bbox 584 1915 638 1937; x_wconf 76' lang='lat' dir='ltr'><strong>‚ea</strong></span> <span class='ocrx_word' id='word_1_253' title='bbox 659 1900 956 1937; x_wconf 78' lang='lat' dir='ltr'><strong>machinatione</strong></span> <span class='ocrx_word' id='word_1_254' title='bbox 988 1898 1046 1936; x_wconf 84' lang='lat' dir='ltr'><strong>ad</strong></span> <span class='ocrx_word' id='word_1_255' title='bbox 1056 1897 1309 1949; x_wconf 75' lang='lat' dir='ltr'><strong>pulsandum</strong></span> <span class='ocrx_word' id='word_1_256' title='bbox 1337 1912 1500 1936; x_wconf 77' lang='lat' dir='ltr'><strong>murum</strong></span> 
     </span>
     <span class='ocr_line' id='line_1_32' title="bbox 54 1953 1501 2007; baseline 0.001 -16"><span class='ocrx_word' id='word_1_257' title='bbox 54 1961 178 1991; x_wconf 81' lang='lat' dir='ltr'><strong>essent</strong></span> <span class='ocrx_word' id='word_1_258' title='bbox 195 1955 391 1993; x_wconf 76' lang='lat' dir='ltr'><strong>collocati.</strong></span> <span class='ocrx_word' id='word_1_259' title='bbox 431 1955 483 1993; x_wconf 82' lang='lat' dir='ltr'><strong>ld</strong></span> <span class='ocrx_word' id='word_1_260' title='bbox 500 1963 645 2005; x_wconf 82' lang='lat' dir='ltr'><strong>autem,</strong></span> <span class='ocrx_word' id='word_1_261' title='bbox 669 1955 781 2007; x_wconf 77' lang='lat' dir='ltr'><strong>quod</strong></span> <span class='ocrx_word' id='word_1_262' title='bbox 794 1955 934 1992; x_wconf 82' lang='lat' dir='ltr'><strong>tardos</strong></span> <span class='ocrx_word' id='word_1_263' title='bbox 951 1961 1120 1992; x_wconf 76' lang='lat' dir='ltr'><strong>conatus</strong></span> <span class='ocrx_word' id='word_1_264' title='bbox 1135 1953 1307 2002; x_wconf 83' lang='lat' dir='ltr'><strong>haberet,</strong></span> <span class='ocrx_word' id='word_1_265' title='bbox 1327 1954 1501 1993; x_wconf 79' lang='lat' dir='ltr'><strong>testudi-</strong></span> 
     </span>
     <span class='ocr_line' id='line_1_33' title="bbox 54 2009 1501 2063; baseline 0.001 -16"><span class='ocrx_word' id='word_1_266' title='bbox 54 2023 143 2047; x_wconf 81' lang='lat' dir='ltr'><strong>nem</strong></span> <span class='ocrx_word' id='word_1_267' title='bbox 162 2012 398 2048; x_wconf 82' lang='lat' dir='ltr'><strong>arietariam</strong></span> <span class='ocrx_word' id='word_1_268' title='bbox 412 2013 613 2063; x_wconf 82' lang='lat' dir='ltr'><strong>appellare</strong></span> <span class='ocrx_word' id='word_1_269' title='bbox 632 2015 769 2063; x_wconf 81' lang='lat' dir='ltr'><strong>coepit.</strong></span> <span class='ocrx_word' id='word_1_270' title='bbox 798 2011 1030 2050; x_wconf 86' lang='lat' dir='ltr'><strong>Huiusmodi</strong></span> <span class='ocrx_word' id='word_1_271' title='bbox 1048 2009 1250 2048; x_wconf 81' lang='lat' dir='ltr'><strong>machinae</strong></span> <span class='ocrx_word' id='word_1_272' title='bbox 1262 2012 1414 2049; x_wconf 84' lang='lat' dir='ltr'><strong>iconem</strong></span> <span class='ocrx_word' id='word_1_273' title='bbox 1433 2025 1501 2049; x_wconf 81' lang='lat' dir='ltr'><strong>ex-</strong></span> 
     </span>
     <span class='ocr_line' id='line_1_34' title="bbox 53 2064 1499 2120; baseline 0.003 -17"><span class='ocrx_word' id='word_1_274' title='bbox 53 2064 182 2106; x_wconf 83' lang='lat' dir='ltr'><strong>hibuit</strong></span> <span class='ocrx_word' id='word_1_275' title='bbox 202 2067 355 2119; x_wconf 86' lang='lat' dir='ltr'><strong>Lipsius</strong></span> <span class='ocrx_word' id='word_1_276' title='bbox 376 2068 417 2105; x_wconf 87' lang='lat' dir='ltr'><strong>in</strong></span> <span class='ocrx_word' id='word_1_277' title='bbox 439 2069 707 2119; x_wconf 82' lang='lat' dir='ltr'><strong>Polyorcetico</strong></span> <span class='ocrx_word' id='word_1_278' title='bbox 730 2069 827 2106; x_wconf 89' lang='lat' dir='ltr'><strong>Dial.</strong></span> <span class='ocrx_word' id='word_1_279' title='bbox 852 2067 952 2105; x_wconf 84' lang='lat' dir='ltr'><strong>vm.</strong></span> <span class='ocrx_word' id='word_1_280' title='bbox 971 2067 1080 2106; x_wconf 90' lang='lat' dir='ltr'><strong>Tom.</strong></span> <span class='ocrx_word' id='word_1_281' title='bbox 1095 2066 1165 2106; x_wconf 84' lang='grc' dir='ltr'><strong>ΠΙ.</strong></span> <span class='ocrx_word' id='word_1_282' title='bbox 1185 2067 1287 2119; x_wconf 88' lang='lat' dir='ltr'><strong>Opp.</strong></span> <span class='ocrx_word' id='word_1_283' title='bbox 1304 2081 1392 2120; x_wconf 86' lang='lat' dir='ltr'><strong>pag.</strong></span> <span class='ocrx_word' id='word_1_284' title='bbox 1403 2073 1499 2112; x_wconf 81' lang='lat'><strong>279.</strong></span> 
     </span>
    </p>

    <p class='ocr_par' dir='ltr' id='par_1_7' title="bbox 52 2121 1502 2555">
     <span class='ocr_line' id='line_1_35' title="bbox 166 2121 1498 2177; baseline -0.001 -13"><span class='ocrx_word' id='word_1_285' title='bbox 166 2121 233 2164; x_wconf 84' lang='lat'><strong>55.</strong></span> <span class='ocrx_word' id='word_1_286' title='bbox 265 2121 479 2174; x_wconf 75' lang='grc' dir='ltr'><strong><em>Κλιμάκων</em></strong></span> <span class='ocrx_word' id='word_1_287' title='bbox 499 2121 744 2176; x_wconf 78' lang='grc' dir='ltr'>οἷσυνδέτων]</span> <span class='ocrx_word' id='word_1_288' title='bbox 775 2124 908 2161; x_wconf 86' lang='lat' dir='ltr'><strong>Scalae</strong></span> <span class='ocrx_word' id='word_1_289' title='bbox 926 2121 999 2160; x_wconf 87' lang='lat' dir='ltr'><strong>hae</strong></span> <span class='ocrx_word' id='word_1_290' title='bbox 1018 2129 1131 2172; x_wconf 78' lang='lat' dir='ltr'><strong>sunt,</strong></span> <span class='ocrx_word' id='word_1_291' title='bbox 1161 2136 1260 2174; x_wconf 87' lang='lat' dir='ltr'><strong>quae</strong></span> <span class='ocrx_word' id='word_1_292' title='bbox 1280 2125 1498 2177; x_wconf 82' lang='lat' dir='ltr'><strong>compacti-</strong></span> 
     </span>
     <span class='ocr_line' id='line_1_36' title="bbox 54 2176 1496 2233; baseline 0.003 -19"><span class='ocrx_word' id='word_1_293' title='bbox 54 2176 111 2214; x_wconf 77' lang='lat' dir='ltr'><strong>les</strong></span> <span class='ocrx_word' id='word_1_294' title='bbox 125 2205 136 2223; x_wconf 93' lang='lat'><strong>,</strong></span> <span class='ocrx_word' id='word_1_295' title='bbox 164 2191 231 2215; x_wconf 82' lang='lat' dir='ltr'><strong>seu</strong></span> <span class='ocrx_word' id='word_1_296' title='bbox 251 2179 429 2217; x_wconf 86' lang='lat' dir='ltr'><strong>solutiles</strong></span> <span class='ocrx_word' id='word_1_297' title='bbox 452 2181 692 2218; x_wconf 83' lang='lat' dir='ltr'><strong>dicebantur.</strong></span> <span class='ocrx_word' id='word_1_298' title='bbox 748 2180 830 2218; x_wconf 85' lang='lat' dir='ltr'><strong>Hae</strong></span> <span class='ocrx_word' id='word_1_299' title='bbox 850 2179 1030 2231; x_wconf 82' lang='lat' dir='ltr'><strong>pluribus</strong></span> <span class='ocrx_word' id='word_1_300' title='bbox 1054 2179 1288 2218; x_wconf 80' lang='lat' dir='ltr'><strong>constabant</strong></span> <span class='ocrx_word' id='word_1_301' title='bbox 1303 2181 1496 2233; x_wconf 75' lang='lat' dir='ltr'><strong>partibm,</strong></span> 
     </span>
     <span class='ocr_line' id='line_1_37' title="bbox 56 2235 1500 2287; baseline 0.002 -17"><span class='ocrx_word' id='word_1_302' title='bbox 56 2245 269 2285; x_wconf 86' lang='lat' dir='ltr'><strong>earumque</strong></span> <span class='ocrx_word' id='word_1_303' title='bbox 288 2236 430 2285; x_wconf 86' lang='lat' dir='ltr'><strong>gradus</strong></span> <span class='ocrx_word' id='word_1_304' title='bbox 451 2237 505 2274; x_wconf 90' lang='lat' dir='ltr'><strong>ita</strong></span> <span class='ocrx_word' id='word_1_305' title='bbox 526 2243 635 2275; x_wconf 84' lang='lat' dir='ltr'><strong>erant</strong></span> <span class='ocrx_word' id='word_1_306' title='bbox 654 2237 883 2287; x_wconf 79' lang='lat' dir='ltr'><strong>compositi,</strong></span> <span class='ocrx_word' id='word_1_307' title='bbox 912 2241 957 2273; x_wconf 89' lang='lat' dir='ltr'><strong>ut</strong></span> <span class='ocrx_word' id='word_1_308' title='bbox 981 2235 1094 2272; x_wconf 82' lang='lat' dir='ltr'><strong>facile</strong></span> <span class='ocrx_word' id='word_1_309' title='bbox 1111 2237 1328 2287; x_wconf 84' lang='lat' dir='ltr'><strong>removeri,</strong></span> <span class='ocrx_word' id='word_1_310' title='bbox 1357 2250 1403 2274; x_wconf 87' lang='lat' dir='ltr'><strong>ac</strong></span> <span class='ocrx_word' id='word_1_311' title='bbox 1421 2237 1500 2274; x_wconf 86' lang='lat' dir='ltr'><strong>sti-</strong></span> 
     </span>
     <span class='ocr_line' id='line_1_38' title="bbox 55 2288 1500 2344; baseline 0.005 -19"><span class='ocrx_word' id='word_1_312' title='bbox 55 2288 139 2340; x_wconf 81' lang='lat' dir='ltr'><strong>pite</strong></span> <span class='ocrx_word' id='word_1_313' title='bbox 160 2297 321 2328; x_wconf 82' lang='lat' dir='ltr'><strong>coeunte</strong></span> <span class='ocrx_word' id='word_1_314' title='bbox 338 2292 445 2342; x_wconf 88' lang='lat' dir='ltr'><strong>quasi</strong></span> <span class='ocrx_word' id='word_1_315' title='bbox 465 2294 503 2330; x_wconf 90' lang='lat' dir='ltr'><strong>in</strong></span> <span class='ocrx_word' id='word_1_316' title='bbox 523 2293 701 2344; x_wconf 80' lang='lat' dir='ltr'><strong>vaginam</strong></span> <span class='ocrx_word' id='word_1_317' title='bbox 722 2293 883 2330; x_wconf 85' lang='lat' dir='ltr'><strong>recondi</strong></span> <span class='ocrx_word' id='word_1_318' title='bbox 902 2297 1075 2343; x_wconf 85' lang='lat' dir='ltr'><strong>possent.</strong></span> <span class='ocrx_word' id='word_1_319' title='bbox 1113 2293 1320 2344; x_wconf 74' lang='grc' dir='ltr'><strong><em>Κλίμακας</em></strong></span> <span class='ocrx_word' id='word_1_320' title='bbox 1336 2290 1500 2344; x_wconf 74' lang='grc' dir='ltr'><strong><em>πηκτᾶς,</em></strong></span> 
     </span>
     <span class='ocr_line' id='line_1_39' title="bbox 54 2343 1502 2400; baseline 0.001 -17"><span class='ocrx_word' id='word_1_321' title='bbox 54 2343 135 2383; x_wconf 84' lang='lat' dir='ltr'><strong>hoc</strong></span> <span class='ocrx_word' id='word_1_322' title='bbox 152 2352 210 2383; x_wconf 84' lang='lat' dir='ltr'><strong>est</strong></span> <span class='ocrx_word' id='word_1_323' title='bbox 225 2347 362 2383; x_wconf 84' lang='lat' dir='ltr'><strong>scalas</strong></span> <span class='ocrx_word' id='word_1_324' title='bbox 374 2348 591 2397; x_wconf 83' lang='lat' dir='ltr'><strong>plicatiles,</strong></span> <span class='ocrx_word' id='word_1_325' title='bbox 610 2349 826 2400; x_wconf 81' lang='lat' dir='ltr'><strong>appellavit</strong></span> <span class='ocrx_word' id='word_1_326' title='bbox 842 2348 928 2386; x_wconf 83' lang='lat' dir='ltr'><strong>illas</strong></span> <span class='ocrx_word' id='word_1_327' title='bbox 946 2347 1151 2398; x_wconf 81' lang='lat' dir='ltr'><strong>Appianas</strong></span> <span class='ocrx_word' id='word_1_328' title='bbox 1165 2349 1209 2386; x_wconf 89' lang='lat' dir='ltr'><strong>in</strong></span> <span class='ocrx_word' id='word_1_329' title='bbox 1226 2348 1397 2397; x_wconf 84' lang='lat' dir='ltr'><strong>Ibericis,</strong></span> <span class='ocrx_word' id='word_1_330' title='bbox 1423 2362 1502 2385; x_wconf 84' lang='lat' dir='ltr'><strong>ma-</strong></span> 
     </span>
     <span class='ocr_line' id='line_1_40' title="bbox 55 2400 1502 2455; baseline 0.001 -16"><span class='ocrx_word' id='word_1_331' title='bbox 55 2400 189 2450; x_wconf 78' lang='lat' dir='ltr'><strong>gisque</strong></span> <span class='ocrx_word' id='word_1_332' title='bbox 208 2403 254 2439; x_wconf 87' lang='lat' dir='ltr'><strong>ad</strong></span> <span class='ocrx_word' id='word_1_333' title='bbox 274 2415 355 2440; x_wconf 88' lang='lat' dir='ltr'><strong>rem</strong></span> <span class='ocrx_word' id='word_1_334' title='bbox 379 2411 554 2442; x_wconf 83' lang='lat' dir='ltr'><strong>nostram</strong></span> <span class='ocrx_word' id='word_1_335' title='bbox 579 2403 785 2453; x_wconf 73' lang='grc' dir='ltr'><strong><em>διαλυτὰς,</em></strong></span> <span class='ocrx_word' id='word_1_336' title='bbox 809 2403 989 2442; x_wconf 75' lang='lat' dir='ltr'><strong>solutiles</strong></span> <span class='ocrx_word' id='word_1_337' title='bbox 1005 2417 1170 2455; x_wconf 87' lang='lat' dir='ltr'><strong>nempe,</strong></span> <span class='ocrx_word' id='word_1_338' title='bbox 1201 2404 1435 2443; x_wconf 85' lang='lat' dir='ltr'><strong>Plutarchus</strong></span> <span class='ocrx_word' id='word_1_339' title='bbox 1458 2404 1502 2441; x_wconf 87' lang='lat' dir='ltr'><strong>in</strong></span> 
     </span>
     <span class='ocr_line' id='line_1_41' title="bbox 54 2456 1501 2511; baseline 0.002 -17"><span class='ocrx_word' id='word_1_340' title='bbox 54 2456 166 2494; x_wconf 80' lang='lat' dir='ltr'><strong>Arati</strong></span> <span class='ocrx_word' id='word_1_341' title='bbox 190 2458 279 2495; x_wconf 81' lang='lat' dir='ltr'><strong>Vita</strong></span> <span class='ocrx_word' id='word_1_342' title='bbox 309 2472 395 2509; x_wconf 83' lang='lat' dir='ltr'><strong>pag.</strong></span> <span class='ocrx_word' id='word_1_343' title='bbox 421 2462 515 2502; x_wconf 85' lang='lat'><strong>317.</strong></span> <span class='ocrx_word' id='word_1_344' title='bbox 547 2461 614 2498; x_wconf 92' lang='lat' dir='ltr'><strong>ubi</strong></span> <span class='ocrx_word' id='word_1_345' title='bbox 639 2462 693 2499; x_wconf 87' lang='lat' dir='ltr'><strong>ait</strong></span> <span class='ocrx_word' id='word_1_346' title='bbox 721 2466 883 2499; x_wconf 84' lang='lat' dir='ltr'><strong>Aratum</strong></span> <span class='ocrx_word' id='word_1_347' title='bbox 912 2459 1161 2499; x_wconf 69' lang='lat' dir='ltr'><strong>obsessurum</strong></span> <span class='ocrx_word' id='word_1_348' title='bbox 1191 2461 1402 2511; x_wconf 80' lang='lat' dir='ltr'><strong>Sicyonem</strong></span> <span class='ocrx_word' id='word_1_349' title='bbox 1438 2472 1501 2497; x_wconf 78' lang='lat' dir='ltr'><strong>eas</strong></span> 
     </span>
     <span class='ocr_line' id='line_1_42' title="bbox 52 2512 1084 2555; baseline 0.005 -5"><span class='ocrx_word' id='word_1_350' title='bbox 52 2512 99 2554; x_wconf 71' lang='lat' dir='ltr'><strong>,in</strong></span> <span class='ocrx_word' id='word_1_351' title='bbox 115 2514 267 2552; x_wconf 79' lang='lat' dir='ltr'><strong>modios</strong></span> <span class='ocrx_word' id='word_1_352' title='bbox 289 2515 565 2555; x_wconf 71' lang='lat' dir='ltr'><strong>frumentarios</strong></span> <span class='ocrx_word' id='word_1_353' title='bbox 584 2518 779 2555; x_wconf 88' lang='lat' dir='ltr'><strong>coniectas</strong></span> <span class='ocrx_word' id='word_1_354' title='bbox 807 2515 1084 2555; x_wconf 82' lang='lat' dir='ltr'><strong>recondidisse.</strong></span> 
     </span>
    </p>

    <p class='ocr_par' dir='ltr' id='par_1_8' title="bbox 55 2569 1502 2665">
     <span class='ocr_line' id='line_1_43' title="bbox 169 2569 1502 2621; baseline 0.002 -14"><span class='ocrx_word' id='word_1_355' title='bbox 169 2571 235 2612; x_wconf 84' lang='lat'><strong>57.</strong></span> <span class='ocrx_word' id='word_1_356' title='bbox 268 2569 332 2621; x_wconf 86' lang='grc' dir='ltr'><strong>Οἱ]</strong></span> <span class='ocrx_word' id='word_1_357' title='bbox 362 2570 479 2608; x_wconf 88' lang='lat' dir='ltr'><strong>Hunc</strong></span> <span class='ocrx_word' id='word_1_358' title='bbox 508 2586 530 2610; x_wconf 89' lang='lat' dir='ltr'><strong>a</strong></span> <span class='ocrx_word' id='word_1_359' title='bbox 561 2573 740 2613; x_wconf 87' lang='lat' dir='ltr'><strong>Cornelio</strong></span> <span class='ocrx_word' id='word_1_360' title='bbox 771 2573 956 2613; x_wconf 78' lang='lat' dir='ltr'><strong>omissum</strong></span> <span class='ocrx_word' id='word_1_361' title='bbox 991 2571 1203 2610; x_wconf 80' lang='lat' dir='ltr'><strong>articulum</strong></span> <span class='ocrx_word' id='word_1_362' title='bbox 1232 2583 1322 2608; x_wconf 87' lang='lat' dir='ltr'><strong>cum</strong></span> <span class='ocrx_word' id='word_1_363' title='bbox 1357 2569 1502 2609; x_wconf 82' lang='lat' dir='ltr'><strong>Codice</strong></span> 
     </span>
     <span class='ocr_line' id='line_1_44' title="bbox 55 2625 311 2665; baseline 0.008 -3"><span class='ocrx_word' id='word_1_364' title='bbox 55 2625 311 2665; x_wconf 77' lang='lat' dir='ltr'><strong>restituimus,</strong></span> 
     </span>
    </p>

    <p class='ocr_par' dir='ltr' id='par_1_9' title="bbox 56 2678 1503 2852">
     <span class='ocr_line' id='line_1_45' title="bbox 177 2678 1499 2735; baseline 0 -11"><span class='ocrx_word' id='word_1_365' title='bbox 177 2685 244 2724; x_wconf 87' lang='grc'><strong>61.</strong></span> <span class='ocrx_word' id='word_1_366' title='bbox 280 2680 358 2730; x_wconf 78' lang='grc' dir='ltr'><strong>Τοὲς</strong></span> <span class='ocrx_word' id='word_1_367' title='bbox 376 2678 512 2734; x_wconf 73' lang='grc' dir='ltr'><strong>κᾶρας]</strong></span> <span class='ocrx_word' id='word_1_368' title='bbox 542 2684 733 2724; x_wconf 78' lang='lat' dir='ltr'><strong>Terribile</strong></span> <span class='ocrx_word' id='word_1_369' title='bbox 753 2692 858 2725; x_wconf 88' lang='lat' dir='ltr'><strong>certe</strong></span> <span class='ocrx_word' id='word_1_370' title='bbox 879 2692 1109 2735; x_wconf 83' lang='lat' dir='ltr'><strong>stratagema</strong></span> <span class='ocrx_word' id='word_1_371' title='bbox 1127 2682 1178 2720; x_wconf 82' lang='lat' dir='ltr'><strong>ad</strong></span> <span class='ocrx_word' id='word_1_372' title='bbox 1198 2681 1499 2724; x_wconf 77' lang='lat' dir='ltr'><strong>terrefaciendos</strong></span> 
     </span>
     <span class='ocr_line' id='line_1_46' title="bbox 56 2734 1503 2792; baseline 0.005 -19"><span class='ocrx_word' id='word_1_373' title='bbox 56 2734 193 2775; x_wconf 82' lang='lat' dir='ltr'><strong>hostes</strong></span> <span class='ocrx_word' id='word_1_374' title='bbox 223 2752 244 2775; x_wconf 91' lang='lat' dir='ltr'><strong>a</strong></span> <span class='ocrx_word' id='word_1_375' title='bbox 267 2738 490 2790; x_wconf 82' lang='lat' dir='ltr'><strong>Nicephoro</strong></span> <span class='ocrx_word' id='word_1_376' title='bbox 517 2742 775 2792; x_wconf 79' lang='lat' dir='ltr'><strong>excogitatum</strong></span> <span class='ocrx_word' id='word_1_377' title='bbox 790 2772 801 2791; x_wconf 87' lang='lat'>‚</span> <span class='ocrx_word' id='word_1_378' title='bbox 830 2742 999 2780; x_wconf 88' lang='lat' dir='ltr'><strong>iaciendi</strong></span> <span class='ocrx_word' id='word_1_379' title='bbox 1027 2751 1168 2790; x_wconf 87' lang='lat' dir='ltr'><strong>nempe</strong></span> <span class='ocrx_word' id='word_1_380' title='bbox 1192 2739 1403 2778; x_wconf 83' lang='lat' dir='ltr'><strong>fundarum</strong></span> <span class='ocrx_word' id='word_1_381' title='bbox 1425 2753 1503 2792; x_wconf 76' lang='lat' dir='ltr'><strong>ope</strong></span> 
     </span>
     <span class='ocr_line' id='line_1_47' title="bbox 59 2792 1502 2852; baseline 0.008 -23"><span class='ocrx_word' id='word_1_382' title='bbox 59 2792 227 2831; x_wconf 80' lang='lat' dir='ltr'><strong>abscissa</strong></span> <span class='ocrx_word' id='word_1_383' title='bbox 245 2794 501 2834; x_wconf 86' lang='lat' dir='ltr'><strong>barbarorum</strong></span> <span class='ocrx_word' id='word_1_384' title='bbox 532 2797 658 2849; x_wconf 80' lang='lat' dir='ltr'><strong>capita</strong></span> <span class='ocrx_word' id='word_1_385' title='bbox 670 2828 683 2848; x_wconf 92' lang='lat'><strong>,</strong></span> <span class='ocrx_word' id='word_1_386' title='bbox 712 2806 759 2836; x_wconf 82' lang='lat' dir='ltr'><strong>ut</strong></span> <span class='ocrx_word' id='word_1_387' title='bbox 782 2800 846 2839; x_wconf 81' lang='lat' dir='ltr'><strong>vel</strong></span> <span class='ocrx_word' id='word_1_388' title='bbox 863 2799 911 2837; x_wconf 85' lang='lat' dir='ltr'><strong>ab</strong></span> <span class='ocrx_word' id='word_1_389' title='bbox 930 2799 1028 2852; x_wconf 72' lang='lat' dir='ltr'><strong>ipsis</strong></span> <span class='ocrx_word' id='word_1_390' title='bbox 1047 2794 1280 2836; x_wconf 73' lang='lat' dir='ltr'><strong>concivibus</strong></span> <span class='ocrx_word' id='word_1_391' title='bbox 1306 2797 1389 2835; x_wconf 68' lang='lat' dir='ltr'><strong>suis</strong></span> <span class='ocrx_word' id='word_1_392' title='bbox 1405 2811 1502 2852; x_wconf 74' lang='lat' dir='ltr'><strong>per-</strong></span> 
     </span>
    </p>

    <p class='ocr_par' dir='ltr' id='par_1_10' title="bbox 145 2857 1230 2898">
     <span class='ocr_line' id='line_1_48' title="bbox 145 2857 1230 2898; baseline 0.006 -7"><span class='ocrx_word' id='word_1_393' title='bbox 145 2858 216 2892; x_wconf 83' lang='lat' dir='ltr'><strong>Leo</strong></span> <span class='ocrx_word' id='word_1_394' title='bbox 237 2859 417 2894; x_wconf 68' lang='lat' dir='ltr'><strong>Diaconos.</strong></span> <span class='ocrx_word' id='word_1_395' title='bbox 930 2878 935 2883; x_wconf 86' lang='lat'><strong>·</strong></span> <span class='ocrx_word' id='word_1_396' title='bbox 1174 2857 1230 2898; x_wconf 85' lang='lat'><strong>35</strong></span> 
     </span>
    </p>
   </div>
  </div>
 </body>
</html>
