1768 3034
287 183 385 231 228
608 188 685 232 DE
714 186 1102 233 VELITATIONE
1129 187 1367 232 BELLICA

74 310 143 344 Ful.
161 306 229 344 394
249 319 275 341 r.
288 291 613 354 παρασκευάσαι,
651 295 717 337 διὰ
743 295 818 343 τὰς
845 298 925 336 τῶν
953 293 1152 347 πολεμίων
1179 292 1401 349 ἄδοκήτους
1427 293 1600 351 ἐνέδρας.
1645 296 1712 337 καὶ

285 364 311 419 ἦ
332 366 404 419 μὲν
423 361 560 419 πρώτη
583 362 701 417 ἐχέτω
722 361 895 417 ἀρχηγὸν
913 365 994 403 τῶν
1014 361 1331 417 ἀξιολογωτέρων
1351 366 1608 419 στρατηγῶν,
1645 364 1713 405 καὶ

243 442 273 476 Β
287 432 332 474 τὸ
352 432 485 486 τρίτον
503 431 623 485 μέρος
640 433 712 471 τοῦ
730 427 807 470 ὑπὸ
828 429 872 469 σέ
891 432 991 469 λαοῦ
999 436 1020 480 ,’
1050 429 1117 469 καὶ
1136 428 1304 470 ὄπισθεν
1324 430 1399 482 μέν
1412 433 1485 471 τοῦ
1503 428 1711 486 τουρμάρ-

281 516 359 554 χου
385 496 651 553 ὄδοιπορείτω.
702 495 751 537 σύ
785 495 829 536 δὲ
851 494 954 549 μετὰ
984 499 1055 548 τῆς
1077 493 1252 550 μεγάλης
1279 494 1539 552 παρατάξεως
1564 497 1711 539 ἐπακο-

146 579 240 611 Saca.
285 563 425 609 λούθει
450 568 500 619 τῇ
528 561 692 619 πρώτῃ,
729 561 828 616 ἔχων
857 563 923 603 καὶ
952 561 998 604 τὸ
1022 559 1128 604 σάκα
1153 561 1321 604 ὄπισθέν
1348 578 1423 605 σου
1450 563 1544 617 μετ’
1569 563 1744 619 ὄλίγωνό

285 632 433 675 ἱππέων
451 632 773 672 ἐπακολουθοῦν·
804 629 872 670 ἵνα
883 660 896 680 ,
934 628 965 670 εἶ
986 633 1123 685 συμβῇ
1145 629 1247 672 κατὰ
1270 633 1343 671 σοῦ
1373 630 1595 684 ἐνεδρεῦσαι
1616 630 1712 679 τούς

282 699 515 752 πολεμίους,
553 698 619 738 καὶ
641 696 735 745 τοὺς
755 696 937 744 πλείονας
957 695 1091 738 αὐτῶν
1109 697 1309 750 μαχίμους
1327 695 1478 752 ἄνδρας
1495 699 1550 746 εἷς
1567 695 1712 751 λόχους

281 770 554 819 καταστῆσαι,
590 765 656 805 καὶ
674 764 853 805 ἐπελθεῖν
872 766 929 819 τῷ
949 762 1085 812 αὐτοῖς
1101 764 1441 806 ἐπακολουθοῦντι
1458 763 1707 820 τουρμάρχῃ,

283 834 441 887 δέξηται
457 836 601 873 τοῦτον
620 832 895 884 ἐπιβοηθοῦσα
915 825 940 882 ἡ
960 827 1097 885 πρώτη
1117 831 1183 872 καὶ
1199 829 1431 886 ἔμπροσθέν
1449 846 1523 873 σου
1541 848 1710 886 περιπα-

281 905 410 941 τοῦσα
427 896 659 954 παράταξις.
697 895 781 938 εἶτα
797 896 971 949 πολέμου
990 896 1079 949 μετ’
1101 897 1226 951 αὐτῆς
1243 896 1519 953 συρραγέντος,
1545 900 1611 939 καὶ
1627 902 1708 940 τῶν
1721 907 1768 941 m

268 966 479 1019 ’πολεμίων
498 964 879 1019 διασκορπιζομένων
907 964 947 1003 ἐν
976 967 1026 1018 τῇ
1053 962 1164 1018 μάχῃ
1192 966 1259 1004 καὶ
1290 964 1362 1018 τὴν
1385 962 1498 1014 τάξιν
1516 963 1706 1017 λυόντων,

245 1031 411 1088 Οεῦρῶν
430 1032 577 1080 αὐτοὺς
593 1031 940 1084 διεσκεδασμένους
953 1028 1223 1086 ὖπερισχύσεις
1243 1030 1387 1073 αὐτῶν.
1430 1036 1512 1073 τῶν
1531 1032 1575 1073 δέ
1591 1035 1710 1074 πολε-
1767 1041 1768 1091 ἢ

280 1101 382 1154 μίων
395 1099 494 1155 πρὸς
506 1098 579 1152 τὴν
592 1096 780 1151 τοιαύτην
800 1098 961 1152 ἐνέδραν
972 1097 1029 1151 μὴ
1043 1098 1470 1154 παρασκευασθέντων,
1492 1098 1596 1140 ἀλλὰ
1608 1098 1709 1155 πρὸς

280 1167 327 1208 τὸ
351 1167 559 1221 ἐκδραμεῖν
576 1167 642 1206 καὶ
659 1164 732 1213 τὰς
745 1163 884 1220 χώρας
899 1167 1122 1218 ληΐσασθαι
1140 1165 1492 1220 κατεπειγομένων,
1525 1165 1606 1222 χρὴ
1629 1165 1706 1221 πρὸ

279 1238 354 1275 τοῦ
385 1230 598 1286 ὄιαυγάσαι
625 1231 700 1280 τὰς
727 1230 857 1281 τάξεις
881 1235 952 1273 τοῦ
977 1229 1055 1273 ὑπὸ
1081 1232 1127 1274 σὲ
1151 1230 1450 1287 στρατεύματος
1478 1233 1534 1281 εἷς
1560 1231 1710 1281 τόπους
1720 1242 1762 1279 15

281 1297 515 1355 ἀποκρύψαι
528 1331 542 1350 ,
579 1298 680 1353 πρὸς
699 1298 745 1339 τὸ
764 1299 821 1352 μὴ
846 1306 928 1347 τοῖς
949 1300 1150 1352 πολεμίοις
1171 1302 1436 1354 φωραθῆναι,
1474 1301 1540 1340 καὶ
1557 1300 1599 1341 ἐν
1623 1306 1708 1348 τοῖς

279 1364 475 1414 τοιούτοις
499 1364 1010 1421 ἐγκρύμμασικαρτερῆσαι
1031 1365 1122 1420 ἄχρι
1142 1367 1279 1420 τρίτης
1300 1365 1408 1421 ὧρας
1429 1364 1454 1420 ἢ
1479 1367 1544 1407 καὶ
1565 1364 1707 1422 τετάρ-

279 1450 352 1487 της
377 1437 448 1486 τῆς
473 1430 624 1487 ἡμέρας
633 1464 646 1483 ,
685 1431 756 1480 ἕως
777 1431 825 1473 ἂν
846 1432 884 1473 οἳ
911 1432 1089 1485 πολέμιοι
1117 1432 1217 1487 πρὸς
1235 1434 1343 1473 λείαν
1370 1431 1605 1482 ἐξελάσωσι·
1639 1435 1708 1474 καὶ

279 1499 431 1542 τούτων
451 1497 589 1555 πόρ’ῥω
608 1499 821 1553 γινομένων
841 1502 912 1552 τῆς
927 1502 999 1540 τοῦ
1015 1498 1171 1554 Ἀμηρᾶ
1189 1497 1470 1554 παρατάξεως,
1505 1499 1599 1552 μετ’
1621 1499 1706 1541 ὀλί-

277 1584 359 1621 γων
385 1566 542 1621 ἀνδρῶν
570 1565 990 1619 καταλιμπανομένης,
1027 1566 1092 1606 καὶ
1116 1564 1173 1619 μὴ
1199 1569 1360 1620 πλῆθος
1389 1564 1557 1620 ἐχούσης
1585 1570 1701 1618 λαοῦ,

244 1633 377 1678 Βκατ’
402 1633 526 1686 αὐτῆς
547 1633 739 1674 ἐπελθεῖν.
784 1633 850 1673 καὶ
876 1637 981 1688 τρεῖς
1000 1632 1073 1685 μὲν
1095 1631 1324 1686 ἔμπροσθεν
1344 1631 1583 1688 παρατάξεις
1603 1633 1705 1675 ἄπο-

278 1704 428 1742 στεῖλαι
458 1697 750 1753 ἲσομετώπους,
787 1702 1027 1754 προσβαλεῖν
1056 1698 1227 1752 πόλεμον
1244 1712 1254 1722 ·
1289 1700 1335 1741 σε’
1360 1700 1404 1741 δὲ
1430 1699 1532 1752 μεθ’
1559 1698 1703 1756 ἑτέρων

276 1771 398 1823 τριῶν
416 1766 441 1820 ἢ
461 1768 526 1808 καὶ
544 1763 749 1822 τεσσάρων
768 1764 1041 1821 παρατάξεων,
1073 1772 1162 1814 ταῖς
1180 1763 1356 1822 πρώταις
1373 1764 1576 1819 ἑπόμενον,
1598 1770 1702 1822 πλη-

68 1844 136 1880 Ful.
151 1839 218 1879 394
238 1836 367 1877 ν.σίον
387 1835 686 1877 ἐπακολουθεῖν.
733 1834 799 1875 καὶ
819 1830 934 1886 ἡνίκα
959 1833 1000 1874 αἱ
1025 1837 1180 1888 πρῶται
1207 1830 1447 1888 παρατάξεις
1468 1837 1541 1887 τῆς
1559 1834 1602 1874 ἐκ
1616 1850 1702 1887 χει-

279 1905 359 1957 ρῶν
380 1898 511 1954 μάχης
531 1899 749 1955 ἄρξωνται,
787 1899 927 1948 καθὼς
947 1897 1045 1958 ὁρᾷς
1066 1899 1161 1947 τοὺς
1185 1900 1351 1949 οἷκειόυς
1377 1899 1754 1955 ἄγωνιζομένους,25

368 1994 424 2028 15.
453 1993 505 2033 εἰς
521 1991 665 2034 τόπους.
701 1994 846 2028 Videtur
867 1993 921 2027 hic
939 1993 1104 2027 excidisse
1126 1993 1336 2028 adiectivum.

278 2071 365 2105 hunc
382 2070 519 2104 modum.
565 2070 665 2105 Prior
685 2071 887 2115 praefectum
911 2071 1035 2104 habeat
1050 2081 1149 2104 unum
1174 2070 1216 2104 de
1235 2070 1374 2104 ducibus
1396 2069 1697 2115 praestantioribus

278 2119 315 2148 et
334 2115 465 2149 tertiam
490 2119 616 2159 partem
638 2116 805 2160 copiarum
827 2121 972 2149 tuarum:
996 2116 1077 2149 haec
1100 2127 1121 2149 a
1142 2119 1239 2158 tergo
1263 2117 1471 2149 turmarchae
1495 2115 1561 2149 iter
1580 2115 1697 2150 faciat,

277 2159 334 2193 Tu
351 2171 424 2192 cum
441 2160 513 2193 acie
538 2159 651 2193 maiori
673 2172 759 2206 pone
777 2160 922 2204 priorem
939 2160 1116 2201 incedens,
1139 2159 1225 2192 habe
1240 2159 1320 2192 item
1341 2171 1419 2193 saca
1437 2165 1528 2194 tuum
1547 2171 1568 2194 a
1586 2164 1697 2204 tergo,

279 2204 368 2247 quod
391 2207 426 2236 te
453 2215 525 2237 cum
551 2205 666 2248 paucis
690 2205 858 2248 equitibus
883 2209 1057 2249 sequatur:
1078 2209 1119 2237 ut
1142 2203 1172 2236 si
1187 2203 1329 2245 accidit,
1350 2205 1464 2239 hostes
1481 2204 1617 2238 structis
1633 2205 1698 2239 tibi

278 2248 408 2281 insidiis
436 2249 610 2292 plerosque
624 2261 701 2282 suos
716 2251 821 2283 fortes
837 2249 958 2283 milites
980 2249 1016 2282 in
1037 2248 1174 2282 latebris
1190 2248 1386 2290 collocasse,
1408 2250 1698 2294 mnuarchamque

279 2304 318 2326 se
331 2298 521 2336 sequentem
536 2292 717 2336 invasisse,
740 2294 832 2338 prior
850 2294 957 2334 acies,
980 2304 1066 2338 quae
1083 2298 1161 2327 ante
1176 2298 1210 2327 te
1227 2294 1388 2335 ambulat,
1410 2294 1587 2329 subveniat
1605 2305 1696 2328 eum-

278 2349 346 2382 que
369 2337 521 2381 excipiat.
566 2338 698 2371 Praelio
721 2350 792 2372 cum
816 2338 874 2372 illa
895 2339 1085 2378 commisso,
1108 2338 1239 2382 quando
1265 2339 1377 2372 hostes
1390 2339 1576 2373 dimicando
1592 2338 1697 2372 disie-

280 2382 326 2416 cti
346 2382 479 2415 ordines
495 2382 646 2425 ruperint
656 2407 666 2422 ‚
689 2387 726 2416 tu
741 2383 918 2427 dissipatos
933 2387 1052 2418 nactus
1070 2383 1216 2416 funditus
1231 2383 1356 2416 vinces.
1399 2383 1436 2416 Si
1452 2384 1566 2417 hostes
1582 2395 1648 2417 non
1660 2394 1698 2417 ue

277 2430 399 2472 parant
417 2427 461 2460 ad
482 2425 641 2459 eiusmodi
661 2427 820 2468 insidias,
842 2428 903 2461 sed
919 2428 962 2461 ad
979 2427 1202 2461 excursionem
1216 2438 1435 2471 agrorumque
1453 2428 1696 2472 populationem

280 2475 482 2516 properant,
506 2470 608 2504 debes
636 2476 712 2504 ante
727 2472 830 2505 lucem
848 2477 972 2506 turmas
992 2473 1041 2506 tui
1069 2473 1235 2506 exercitus
1251 2474 1286 2505 in
1308 2472 1467 2505 eiusmodi
1484 2472 1566 2506 locis
1582 2473 1697 2507 occul-

279 2522 372 2557 tare,
395 2515 452 2549 ubi
469 2516 512 2550 ab
526 2515 675 2549 hostibus
688 2516 905 2550 animadverti
921 2522 1102 2561 nequeant,
1124 2521 1225 2561 atque
1238 2517 1273 2551 in
1289 2516 1341 2550 his
1355 2516 1494 2550 latebri-
1510 2516 1696 2560 persistere

279 2572 387 2605 usque
414 2560 459 2594 ad
479 2560 612 2594 tertiam
624 2559 679 2593 vel
697 2566 847 2604 quartam
872 2561 939 2595 diei
962 2563 1092 2602 horam,
1116 2561 1221 2595 donec
1236 2562 1347 2595 hostes
1362 2561 1552 2605 praedatum
1571 2560 1695 2605 dilapsi

280 2606 366 2638 sint:
390 2605 442 2638 his
464 2604 593 2648 longius
620 2615 641 2637 a
665 2604 770 2657 signis
797 2605 929 2640 Amitae
953 2606 1129 2651 digressis,
1151 2607 1200 2640 ita
1215 2610 1254 2639 ut
1269 2606 1386 2651 paucis
1399 2605 1556 2640 militibus
1568 2605 1694 2640 relictis

277 2649 501 2693 infrequentia
524 2648 658 2683 armatis
681 2653 766 2690 smt,
791 2661 832 2683 ea
849 2650 991 2692 invade,
1013 2657 1149 2695 tresque
1166 2651 1255 2684 acies
1272 2662 1334 2685 exa
1375 2655 1454 2683 nata
1470 2650 1580 2683 fronte
1594 2660 1695 2693 prae-

278 2694 385 2734 mitte,
410 2706 496 2738 quae
522 2705 667 2738 pugnam
691 2700 888 2738 capessant:
910 2699 948 2728 tu
973 2707 1045 2730 cum
1072 2696 1188 2730 alteris
1204 2695 1310 2728 tribus
1326 2706 1348 2729 v
1398 2698 1539 2738 quatuor
1557 2695 1693 2728 aciebus

278 2738 410 2783 priores
427 2750 567 2782 sequens
590 2738 728 2783 propius
746 2739 898 2773 succede.
943 2739 1080 2774 Priores
1105 2741 1194 2774 acies
1218 2744 1391 2784 postquam
1405 2749 1519 2772 manus
1539 2739 1695 2773 contule-

278 2787 374 2826 runt,
397 2783 535 2828 perinde
546 2787 584 2819 ut
598 2789 674 2819 tuos
692 2783 894 2830 praeliantes
911 2783 1062 2827 videbis,
1082 2785 1132 2820 ita
1147 2784 1272 2819 auxilia
1290 2783 1511 2819 subministra.
1554 2784 1606 2819 Ac
1621 2783 1693 2830 pri-
