1754 2996
311 152 373 198 IN
398 152 605 197 LEONIS
629 152 869 198 DIACONI
893 151 996 198 Lm.
1021 152 1138 199 VIII.
1386 144 1488 194 47⁷

38 262 121 299 ett:
147 258 240 299 vide
259 257 387 298 Cicer.
409 257 466 296 De
483 263 583 296 orat.
601 257 670 296 ΠΙ.
685 257 752 300 54.
771 270 870 310 quae
891 255 1026 296 eadem
1042 257 1170 309 figur·
1186 258 1236 297 ab
1253 254 1396 310 Aquilo
1410 259 1489 298 Ro-

36 329 158 356 mano
189 317 246 355 De
270 315 389 367 figur.
415 321 516 352 sent·
535 314 596 353 ed.
626 312 784 355 Ruhnk-
814 316 907 357 178.
922 314 967 352 A
985 309 1228 366 ἆντιστροφὴ
1247 321 1434 365 voe-tur,
1462 328 1489 353 a

36 372 191 412 Rutilio
206 373 319 424 Lupo
336 372 390 410 De
407 370 544 422 figuris
561 373 631 413 30.
652 370 699 409 A.
717 366 904 422 ἐπιφορά.
945 370 1046 408 Vide
1065 370 1221 409 Ernesti
1237 371 1333 409 Lex.
1353 371 1487 410 tecbn.

40 429 170 469 Latin.
197 432 264 472 97.
290 428 335 467 B.
381 427 443 465 Ita
470 440 552 464 non
578 426 799 464 andiendus
829 427 1047 465 Cannartus
1070 427 1319 479 Compendio
1337 426 1488 468 rhetor.

40 489 81 529 6.
111 485 157 525 A.
179 484 250 523 ubi
276 484 351 522 ait·
381 479 625 536 Ἐπιστροφῆ
642 490 719 531 est,
749 496 842 519 cum
859 483 1008 520 similis
1023 481 1247 521 dictionum
1261 497 1386 522 conus
1403 497 1491 521 sae-

33 541 136 593 pius
163 542 211 579 in
239 538 442 579 eosdemt
402 539 512 591 fines·
530 546 719 575 extremos
745 541 1011 576 convertitur.-
1038 553 1120 590 quo
1130 541 1330 591 potinem
1353 538 1491 592 ὁμοιό-

38 612 207 647 πτωτον,
235 594 539 648 ὅμοιοτέλευτον,
566 593 786 647 συμπλοκή,
815 591 1072 659 αντιστροφῇ,
1100 602 1136 632 et
1149 593 1335 650 ἐπιμονή.
1388 594 1491 635 Nm

40 649 312 706 ἐπιστροφὴν
337 658 376 691 et
402 649 649 703 ἐπιστροφήν
676 665 897 702 synonyma
925 665 1008 689 esse
1028 652 1071 689 in
1093 652 1275 691 confesso
1296 658 1376 692 est.
1405 651 1492 693 ἔπι-

40 707 169 762 μονῆ,
199 721 319 761 quam
348 709 692 745 commorationem
723 709 767 744 in
791 721 876 744 una
900 721 944 744 re
969 713 1086 745 vocat
1114 708 1196 748 Cic.
1224 709 1281 747 De
1301 714 1403 748 orat.
1421 708 1493 747 ΠΙ.

40 769 109 809 52.
131 765 182 803 ab
210 764 431 820 ἐπιστρρφῇ
454 777 617 816 prorsus
645 763 770 801 aliena
798 770 878 801 est:
906 777 1032 815 neque
1065 764 1189 815 magis
1216 764 1391 816 reliquae
1410 770 1493 803 ue·

39 821 190 873 figurae
217 835 240 858 a
271 819 431 859 rhetore
460 819 622 858 omnino
646 820 732 858 ullo
764 819 813 857 ad
840 833 962 870 genus
987 819 1231 872 ἐπιστροφῆς
1248 822 1492 860 reseruntur.

0 871 1 907 Ῐ
40 878 263 917 Tralatione
276 890 397 929 porro
419 877 526 928 apud
548 877 678 914 Patres
696 889 743 914 ex
763 889 840 914 usu
856 875 1102 914 hellenistico
1119 874 1220 928 (vid.
1243 876 1493 917 schleusner.
1508 880 1550 919 P.
1570 879 1641 918 242

40 935 136 974 Lex.
168 934 211 972 in
229 933 329 973 Nov.
363 933 470 970 Test.
500 932 530 969 1.
555 934 649 974 881.
675 930 742 984 A.)
767 930 984 984 ἐπιστροφή
1007 934 1294 983 poenitentiam
1315 933 1492 983 denotat,

39 990 325 1041 significatione
343 1002 469 1040 neque
487 1002 508 1025 a
526 988 742 1052 Ducangio
742 996 965 1037 memorata,
1000 1002 1128 1039 neque
1150 1003 1174 1026 a
1195 990 1357 1028 Suicero
1375 988 1492 1028 Thes.

39 1047 190 1086 Eccles.
246 1045 376 1083 Latini
405 1044 662 1097 praecipitato
684 1045 860 1108 ’imperio
890 1046 1023 1084 eadem
1047 1044 1176 1096 figura
1202 1047 1493 1085 conversionem

39 1109 200 1143 vocant.
228 1101 368 1141 Avitus
392 1102 440 1139 de
457 1101 575 1139 laude
595 1101 736 1152 virgin.
758 1103 859 1145 149:

258 1200 791 1212 ..............
820 1186 907 1210 com
910 1175 1017 1222 ἐνεζο
1034 1174 1231 1223 fratrum,

254 1229 448 1281 Exemplo
470 1226 648 1266 debenda
658 1230 732 1279 pio
744 1257 756 1274 ‚
785 1236 823 1266 te
842 1231 1024 1281 respicit,
1054 1237 1209 1271 auctor.

41 1298 156 1338 Unde
186 1312 229 1338 ea
252 1312 336 1338 vox
355 1299 399 1337 in
422 1299 573 1350 linguas
595 1299 798 1337 nationum
816 1299 1063 1349 Latinarum,
1091 1312 1191 1351 quae
1204 1297 1326 1337 hodie
1342 1297 1387 1336 in
1406 1297 1494 1337 Eu-

38 1369 138 1408 ropa
161 1362 393 1408 supersunt,
431 1355 690 1408 permanavit.
749 1356 819 1394 Est
844 1355 968 1407 igitur
989 1355 1134 1408 ἐπιστρ.
1156 1355 1262 1407 apud
1278 1354 1494 1407 scriptores

40 1412 324 1453 ecclesiasticos
352 1412 433 1450 sere
462 1412 488 1449 i‹
479 1413 564 1449 dem
588 1412 693 1461 quod
719 1408 907 1464 μετάνοια
928 1418 967 1450 et
983 1412 1223 1464 μεταμέλεια.
1281 1412 1321 1449 S.
1344 1411 1493 1475 Grego-

39 1468 123 1508 rius
142 1469 258 1520 Nyss.
276 1468 332 1506 De
350 1469 569 1520 poenitent.
591 1467 656 1508 ΙΙΙ.
679 1471 771 1510 167.
793 1469 838 1509 Ι).
864 1466 933 1509 τὸν
960 1464 1162 1521 Ἰωάννην,
1179 1467 1401 1534 μετανοίας
1419 1462 1496 1518 πή·

40 1540 164 1578 ρυκα,
189 1525 442 1590 μεταμελείας
459 1521 691 1576 εἶσηγητην,
721 1523 788 1564 καὶ
811 1521 963 1572 πάντας
978 1546 1035 1554 --
1050 1520 1281 1576 προφήτας,
1310 1522 1495 1575 ἐπιστρο-

41 1583 125 1632 φῆς
155 1576 427 1628 διδασκάλους.
483 1581 630 1618 Ultima
658 1594 770 1618 versa
802 1595 823 1618 a
846 1580 1056 1618 francisco
1078 1580 1195 1619 Ζίιιο.
1227 1581 1298 1632 qui
1314 1578 1496 1616 docerent

40 1637 239 1684 homines,
275 1644 320 1674 ut
344 1636 403 1674 ad
426 1637 584 1674 meliore
566 1650 624 1673 em
646 1638 812 1688 frugem
836 1651 917 1674 sese
954 1644 1228 1675 converterent.
1283 1634 1496 1687 Reperitut

41 1692 187 1730 ibidem
218 1666 312 1735 173.
338 1693 384 1731 Β.
415 1691 439 1733 ὁ
465 1695 536 1744 τῆς
570 1692 813 1744 ἐπιστροφῆς
842 1689 1047 1744 δεόμενος·
1087 1693 1267 1744 apudque
1293 1693 1332 1729 S.
1358 1691 1500 1732 Ioann.

43 1747 244 1799 Chrysost.
268 1748 376 1789 Orat.
400 1749 514 1786 tertia
533 1754 696 1785 statuar.
718 1748 782 1788 vl.
809 1749 902 1791 480.
929 1752 992 1791 16.
1011 1749 1104 1791 486.
1127 1750 1164 1791 4.
1194 1749 1293 1786 Item
1313 1746 1534 1799 explica-B

41 1810 111 1843 tur
138 1818 210 1856 per
241 1800 430 1855 μετάνοια
456 1804 561 1856 apud
581 1804 788 1842 Eusebium
809 1806 941 1843 caten.
961 1805 1003 1841 in
1024 1805 1163 1844 psalm.
1182 1804 1212 1843 Ι.
1233 1807 1327 1846 116.
1347 1804 1392 1841 Β.
1415 1803 1495 1842 ali-

42 1861 160 1911 bique
180 1861 278 1898 locis
309 1860 639 1900 innume1is.1n
671 1860 840 1898 Heronis
870 1860 1090 1912 Belopoeic.
1124 1864 1216 1903 127.
1247 1859 1288 1898 C.
1308 1875 1384 1911 την
1404 1859 1494 1900 ἐπι-

43 1930 222 1980 στροφην
239 1915 306 1956 καὶ
323 1930 437 1956 τασιν
453 1919 531 1956 τῶν
548 1929 721 1967 νευρων·
744 1923 781 1954 et
793 1916 885 1953 ibid.
899 1917 941 1953 C.
962 1916 992 1968 η’
999 1913 1220 1968 ἐπιστροφή
1238 1930 1311 1968 της
1323 1914 1494 1970 ἕπιζυγί·

43 1973 126 2022 δος,
141 1973 186 2011 in
202 1979 312 2011 tauta
333 1973 550 2023 argumenti
569 1971 803 2010 difficultate
821 1968 969 2026 (agitur
981 1973 1029 2010 de
1047 1970 1313 2024 gastrapheta)
1331 1978 1493 2024 umque

44 2036 233 2080 corrupto
258 2035 393 2077 textu,
424 2028 523 2079 quid
538 2029 589 2066 sit
620 2028 822 2066 difficilius
835 2029 1082 2080 intelligitur
1133 2027 1265 2066 Editio
1290 2028 1407 2079 Regia
1428 2041 1493 2067 se-

37 2085 122 2130 ‚mel
149 2086 318 2122 intorsio
352 2085 541 2136 exponit,
570 2084 712 2122 iterum
741 2086 955 2122 conversio.
1009 2084 1143 2122 Malim
1166 2085 1398 2134 flexionem,
1425 2084 1493 2123 vel

43 2141 252 2192 reflexum,
280 2155 356 2192 quo
383 2155 499 2179 sensu
531 2141 687 2191 saepius
712 2141 911 2191 repem'tur
927 2141 1033 2192 apud
1052 2146 1267 2191 geometras
1286 2147 1325 2179 et
1341 2140 1493 2179 mathe-

42 2197 220 2234 maticos.
264 2197 384 2235 Velut
410 2197 453 2234 in
482 2211 560 2235 una
591 2197 835 2248 Geograpbia
867 2197 1078 2234 Ptolemaei
1107 2197 1173 2240 54.
1203 2197 1246 2235 C.
1277 2199 1343 2240 63.
1358 2197 1402 2234 Β.
1422 2199 1489 2238 81.

45 2253 92 2290 A·
125 2256 220 2294 107.
245 2253 294 2292 Δ.
326 2255 418 2295 118.
449 2253 494 2290 Β.
527 2258 619 2296 122.
649 2253 693 2292 Β.
723 2256 815 2296 123.
841 2253 888 2292 Δ.
912 2255 1006 2296 138.
1022 2253 1070 2292 A.
1086 2253 1131 2293 Β.
1152 2253 1245 2296 148.
1260 2253 1306 2295 A.
1329 2252 1491 2296 1521&-

46 2311 142 2350 177.
162 2308 203 2345 C.
227 2310 319 2351 183.
345 2309 389 2348 B.
418 2309 508 2351 184.
533 2311 581 2347 A.

154 2380 258 2430 Pag.
290 2381 382 2420 136.
410 2379 482 2417 lin.
513 2383 578 2422 16.
605 2375 761 2430 Βορὴν]
792 2378 859 2416 Sic
887 2379 965 2418 Leo
995 2379 1063 2418 hic
1094 2386 1135 2418 et
1156 2382 1223 2422 98.
1259 2380 1303 2417 B.
1318 2377 1494 2429 Βορίσην

45 2433 206 2485 Scyliiz.
232 2448 305 2473 ms.
345 2440 385 2472 et
411 2435 523 2474 Cedr.
552 2436 602 2474 II.
627 2437 722 2478 646.
740 2435 781 2472 C.
800 2438 893 2477 666.
911 2437 951 2474 Β.
972 2438 1067 2479 673.
1086 2437 1127 2474 C.
1151 2439 1248 2478 682.
1268 2435 1314 2471 D·
1335 2435 1428 2475 683·
1448 2433 1494 2472 A·

156 2502 259 2541 [bid.
289 2504 363 2542 liu·
391 2507 459 2547 21.
482 2504 664 2557 Ῥωμαῖοι
695 2504 762 2554 δὲ,
800 2501 932 2557 ἅπαξ]
962 2506 994 2544 Ε
1024 2505 1275 2557 sequentibus
1304 2502 1496 2553 quaedam

0 2558 5 2607 j
45 2558 236 2610 Scylitzes
255 2560 493 2598 verbotenus
512 2562 664 2609 sumsit,
692 2562 806 2613 plura
824 2563 1017 2613 expressit
1033 2561 1197 2600 diversis
1214 2558 1365 2597 verbis.
1355 2572 1364 2579 ·
1395 2569 1496 2608 quae

46 2615 175 2652 omnia
195 2615 238 2652 in
259 2629 341 2653 rem
365 2629 474 2653 suam
494 2618 690 2655 convertit
707 2618 904 2656 cedrenus
918 2618 968 2657 Π.
987 2621 1080 2659 873.
1102 2618 1145 2654 Δ.
1164 2628 1247 2664 sqq.

0 2706 6 2711 -
154 2673 371 2722 Pag-137.
402 2672 473 2709 lin·
502 2669 888 2726 4-ανδραςᾶνεῖλον
909 2670 1134 2722 νεανικους]
1166 2665 1364 2715 Nea-mag
1380 2667 1529 2720 apudc

44 2725 213 2764 Leonem
229 2733 289 2764 est
301 2729 448 2776 sonis,
476 2736 685 2777 strenuus,
715 2743 828 2776 acer,
858 2733 897 2770 7.
919 2730 963 2766 B.
983 2729 1023 2764 C.
1051 2730 1114 2767 10
1143 2726 1185 2764 C·
1204 2725 1249 2763 D·
1274 2724 1400 2766 12-B.
1423 2727 1490 2767 23·

0 2758 1278 2833 '051o521554A71084n89c[ub1vem
1307 2779 1491 2818 audacia
