1768 3034
291 116 388 165 104
774 121 979 166 LEONIS
1006 122 1246 165 DIACONI

77 235 114 267 A.
132 236 174 268 M.
196 234 285 272 6478
393 226 454 273 θ’.
488 226 664 273 ἶΆιὸεται
693 231 759 272 καὶ
791 229 922 285 ἕτερος
949 231 1036 310 περὶ
1064 226 1218 271 τούτων
1239 225 1379 285 λόγος,
1416 224 1498 273 ωδὲ
1517 247 1573 285 πη
1591 227 1713 284 ἔχων·

119 282 594 350 1¹¹d'13Io¹17‹52’1mc›wov,
630 301 703 339 τοῦ
730 295 936 350 Ῥωμαίων
969 294 1289 351 αυτοκράτορος,
1325 295 1404 339 ὑπὸ
1423 299 1667 340 Λεοντίου’
1649 315 1715 339 εκ-

288 366 514 419 τμηθέντος
531 365 604 419 τὴν
622 363 711 420 ῥῖνα
731 365 796 404 καὶ
813 363 915 404 κατὰ
935 362 1008 416 τὴν
1024 366 1224 418 Χερσῶνα
1241 365 1576 420 περιορισθὲντος,
1609 366 1713 406 ἐπεί-

251 441 363 487 Βπερ
386 433 535 473 ἐκεῖθεν
553 431 662 472 αὐτῶ
682 428 894 512 διαδράναι
920 428 1182 486 πολυτρόπως
1202 430 1375 485 ἐγένετο,
1414 431 1455 480 ἔς
1471 432 1545 486 τὴν
1562 435 1714 474 Μαιῶ-
1767 470 1768 477 ,

287 501 350 541 τίν
377 515 418 540 τε
445 498 684 554 ἀφικέσθαι,
721 498 787 538 καὶ
810 496 855 538 τὸ
877 499 1038 538 Μυσῶν
1060 497 1181 546 ἔθνος
1205 499 1613 554 προσεταιρίσασθαι,
1651 498 1713 556 ἐφ’
1726 505 1768 540 5

289 560 323 622 ᾧ
331 598 344 617 ,
384 564 457 618 τήν
475 582 515 606 τε
533 566 739 618 βασιλείαν
758 561 867 605 αὑτῶ
887 562 1206 616 ἀνασώσασθαι,
1245 567 1310 606 καὶ
1326 565 1505 620 μισθοὺς
1518 564 1716 621 μεγάλους

288 630 630 686 ἓναπολήψεσθαι.
686 631 782 680 τοὺς
817 632 860 672 δὲ
890 631 1068 684 ἕψεσθαί
1093 648 1135 673 τε
1167 632 1297 689 αὐτῷ,
1344 634 1411 674 καὶ
1439 633 1542 689 πρὸς
1570 633 1711 686 αὐτοῦ,

287 704 360 752 τῆς
377 700 581 752 βασιλείας
609 693 732 747 αὖθις
757 699 1062 752 ἐπειλημμένον,
1100 699 1299 755 εἰληφέναι
1320 700 1394 754 τὴν
1416 699 1578 756 χώραν,
1615 699 1714 755 ὅσην

288 763 309 807 ὃ
324 766 481 821 Ἴστρος
499 766 608 815 ἐντὸς
626 763 879 807 Μακεδόνων
899 768 1105 822 περιορίζει
1119 780 1129 789 ·
1165 768 1230 808 καὶ
1250 766 1323 821 τὴν
1342 768 1570 821 μετοίκησιν
1585 766 1715 824 ταύτῃ

284 831 550 886 ποιήσασθαι,
589 834 655 874 καὶ
672 832 802 874 πολλὰ
822 833 1003 886 πολέμων
1021 832 1117 889 ἴργα
1136 833 1556 890 καὶ-ἀνδραποδισμῶν
1571 837 1714 891 προξε-
1728 838 1768 873 10

283 904 403 954 νῆσαι
418 898 648 953 Ῥωμαίοις,
685 901 1018 953 πολεμησείοντας
1043 900 1126 952 ἀεὶ,
1163 901 1299 942 καὶτὰ
1322 903 1500 959 Θρᾳκῷα
1519 902 1714 958 κατατρέ-

280 983 430 1021 χοντας
457 969 639 1020 κλίματα.
682 964 903 1020 Ῥωμαίους
924 968 967 1010 δὲ
991 967 1211 1009 ἄντεπιὲναι
1238 966 1418 1017 τούτοις·
1455 969 1550 1018 τοὺς
1571 970 1616 1010 δὲ
1641 969 1714 1023 τὴν

280 1035 435 1076 ἐκείνων
461 1034 534 1087 οὐχ
559 1032 854 1090 ὑφισταμένους
888 1034 1037 1088 ἀλκὴν,
1076 1034 1145 1075 ἐπ’
1178 1035 1424 1092 ἄμφιλαφῶν
1446 1037 1607 1092 χωρίων
1643 1034 1714 1078 λό-

158 1107 200 1143 Ρ.
220 1105 263 1142 64
279 1118 389 1155 χμας
409 1099 696 1152 καταδύεσθαι,
725 1103 790 1142 καὶ
810 1108 897 1150 ταῖς
916 1102 1156 1155 δυσχωρίαις
1175 1100 1344 1152 τούτους
1359 1104 1710 1158 καταγωνίζεσθαι.

280 1172 440 1210 πολλῶν
461 1173 671 1224 τοιγαροῦν
691 1169 734 1209 ἐκ
758 1172 830 1210 τοῦ
849 1168 943 1210 κατ’
966 1169 1112 1210 ἐκείνου
1132 1173 1273 1225 καιροῦ
1291 1169 1618 1226 καταρραγέντων
1635 1187 1711 1212 πο·-
1724 1168 1768 1204 1⁵

282 1236 412 1288 λε’μων
420 1267 435 1287 ,
472 1237 537 1276 καὶ
555 1236 741 1290 γενναίων
760 1239 995 1291 στρατηγῶν
1014 1234 1243 1287 ὀλωλότων,
1280 1235 1517 1292 Νικηφόρον
1538 1254 1601 1289 τε,
1639 1241 1713 1279 τοῦ

283 1300 533 1343 παλαιτάτου
563 1300 861 1358 αὐτοκράτορος
869 1335 883 1354 ,
919 1300 1109 1351 πεσόντος
1136 1303 1236 1358 πρὸς
1265 1308 1346 1345 τῶν
1374 1307 1556 1355 Μυσῶν,
1602 1304 1715 1360 παρὰ

282 1367 408 1422 μόνου
436 1371 744 1411 Κωνσταντίνου
773 1370 922 1423 λέγεται
949 1368 1230 1424 Κοπρωνύμου
1259 1368 1493 1425 ἡσσηθῆναι
1519 1372 1730 1422 Μυσοὺς,

283 1438 349 1477 καὶ
381 1431 502 1484 αὖθις
529 1436 640 1492 παρὰ
669 1440 739 1478 τοῦ
763 1434 924 1490 ἒγγόνου
953 1436 1077 1477 αὐτοῦ
1095 1439 1404 1479 Κωνσταντίνου
1435 1443 1507 1480 τοῦ
1529 1442 1601 1492 τῆς
1619 1438 1713 1480 Αὖ-

281 1502 454 1558 γοῦστης
473 1502 646 1558 Εἰρήνης
673 1503 763 1544 υἱοῦ
774 1535 788 1554 ,
826 1505 891 1544 καὶ
918 1502 970 1544 τὰ
994 1507 1064 1544 νῦν
1095 1504 1138 1544 δὲ
1161 1504 1261 1556 πρὸς
1283 1503 1469 1546 Ἰωάννου
1493 1509 1565 1546 τοῦ
1589 1505 1768 1547 afim-2⁰

282 1568 502 1625 κράτορος,
542 1569 586 1618 ὃς
611 1569 694 1618 τὰς,
712 1574 792 1611 τῶν
813 1572 975 1630 ΖΙἸυσῶν
994 1569 1126 1618 πόλεις
1149 1572 1273 1626 αἷχμῇ
1300 1570 1579 1626 παρεστήσατο
1594 1586 1604 1595 ·
1641 1572 1715 1626 οὐχ

282 1635 488 1693 ἱστόρηται
510 1637 557 1678 δέ
574 1653 633 1686 τις
647 1635 853 1690 Ῥωμαίων
873 1637 1025 1693 ἕτερος,
1062 1635 1231 1686 τούτους
1250 1639 1312 1678 ἐπὶ
1330 1643 1404 1693 τῆς
1423 1639 1619 1695 σφετέρας
1640 1644 1714 1694 γῆς

282 1702 664 1759 καταγωνισάιιενος.
712 1703 816 1745 ἀλλὰ
834 1706 922 1760 περὶ
938 1705 1012 1758 μὲν
1030 1702 1183 1746 τούτων
1202 1704 1251 1746 ἅ)
1254 1722 1300 1754 ις

372 1800 406 1833 7.
430 1797 597 1840 ἕψεσθαι
634 1799 692 1832 Sic
718 1799 792 1832 cod.
815 1799 912 1832 Fort.
933 1797 1095 1834 ἑπέσθοιι.
1187 1798 1240 1833 14.
1263 1798 1406 1840 τούτοις
1428 1800 1503 1834 cod.
1549 1799 1618 1834 Sed
1633 1799 1713 1834 vide

372 1855 474 1886 supra
500 1846 551 1878 13.
578 1844 619 1876 D.
645 1842 699 1878 14.
721 1845 760 1876 Β.
784 1846 838 1879 26.
863 1845 906 1877 Ι).
940 1849 975 1878 et
1005 1845 1103 1888 paulo
1135 1844 1277 1878 inferius
1307 1845 1444 1880 lin.12.
1475 1845 1555 1880 item
1584 1846 1639 1880 65.
1670 1846 1711 1880 C.

372 1888 477 1922 Linea
500 1894 608 1922 autem
629 1889 779 1933 proxima
800 1890 888 1923 forte
911 1889 1123 1923 scribendum
1141 1886 1225 1924 κατ’
1251 1888 1379 1925 ἐκεῖνο.

373 1968 406 2000 9.
430 1966 709 1999 Commemoratur
724 1966 824 2000 etiam
841 1966 948 2000 altera
962 1966 1004 1999 de
1021 1966 1088 1999 illis
1104 1966 1262 2006 narratio,
1278 1967 1455 2000 eiusmodi:
1478 1967 1707 2008 lastinianum,

282 2009 501 2043 Romanorum
530 2012 730 2054 Augustum,
761 2022 781 2044 a
809 2012 950 2045 Leontio
980 2022 1061 2044 naso
1089 2015 1257 2054 amputato
1286 2012 1488 2045 Chersonem
1513 2011 1710 2054 relegatum,

282 2061 475 2098 postquam
500 2055 575 2088 dolo
596 2056 673 2088 inde
690 2056 852 2089 evadendi
870 2056 1060 2089 facultatem
1076 2061 1212 2095 nactus,
1236 2056 1279 2088 ad
1296 2056 1496 2089 Maeotidem
1513 2057 1710 2099 appulisset,

281 2099 501 2142 Bulgarorum
517 2099 680 2134 nationem
696 2102 738 2134 ad
753 2113 829 2134 suas
846 2105 960 2145 partes
968 2101 1183 2144 pertraxisse,
1203 2101 1444 2140 „restituerent
1452 2101 1534 2134 sibi·
1525 2101 1709 2144 imperium,

281 2144 431 2188 piaemia
449 2144 543 2177 huius
559 2145 610 2177 rei
626 2157 744 2189 magna
760 2151 988 2190 percepturos.
990 2145 1009 2160 '⁷
1056 2146 1197 2178 Secutos
1212 2145 1376 2188 Bulgaros
1393 2146 1535 2189 abipso,
1556 2156 1629 2178 cum
1644 2145 1710 2178 ite-

282 2199 353 2222 rum
367 2189 403 2222 iu
419 2189 589 2232 imperium
607 2190 775 2231 venisset,
797 2191 966 2233 accepisse
985 2190 1174 2233 regionem,
1198 2195 1354 2233 quantam
1371 2190 1458 2223 Ister
1482 2190 1530 2223 cis
1549 2189 1710 2223 Macedo-

281 2233 368 2266 niam
390 2234 511 2266 ambit.
535 2235 599 2266 huc
619 2235 846 2286 migrationem
868 2235 1008 2273 fecisse,
1034 2246 1172 2277 moxque
1192 2234 1293 2266 multa
1316 2235 1472 2268 bellorum
1492 2235 1707 2275 incommoda,

282 2277 498 2311 hominibus
488 2289 523 2311 111
539 2279 733 2312 servitutem
754 2279 880 2323 Γαρεις,
903 2279 1074 2312 induxisse
1090 2279 1265 2318 Romanis,
1289 2279 1405 2312 animis
1429 2291 1560 2332 semper
1576 2279 1619 2312 ad
1635 2279 1707 2312 bel-

282 2323 348 2355 lum
363 2324 502 2363 erectis,
526 2323 696 2357 Thraciae
718 2336 817 2367 agros
843 2324 1061 2356 incurrentes.
1107 2304 1271 2356 Romano’s
1290 2324 1422 2367 quidem
1447 2324 1550 2357 ivisse
1567 2328 1706 2364 contra;

283 2368 343 2400 sed
361 2368 546 2410 Bulgaros,
571 2369 660 2411 quod
677 2368 805 2401 illorum
830 2368 985 2401 virtutem
1011 2368 1175 2401 sustinere
1196 2380 1261 2405 non
1287 2375 1440 2412 possent,
1463 2368 1581 2413 spatiis
1603 2368 1707 2401 silve-

282 2412 436 2445 stribus’
427 2424 461 2445 ιιι
475 2412 612 2445 insidias
630 2425 666 2446 se
682 2413 860 2451 abdidisse,
883 2414 1067 2456 fraudeque
1084 2412 1229 2445 locorum
1245 2418 1375 2446 nostros
1392 2414 1524 2446 vicisse.
1556 2413 1706 2455 Cumque

281 2457 347 2490 iam
360 2468 465 2501 usque
481 2458 522 2490 ab
538 2457 625 2490 illius
642 2458 844 2501 temporibus
862 2458 965 2490 multa
978 2457 1027 2490 ibi
1053 2458 1139 2490 bella
1155 2458 1325 2491 commissa
1345 2459 1432 2498 sint,
1455 2457 1597 2491 fortibus
1611 2456 1705 2490 duci-

283 2502 344 2534 bus
370 2502 510 2542 occisis,
532 2502 581 2535 ita
600 2507 637 2536 ut
658 2503 872 2546 Nicephorus
892 2513 1022 2545 quoque
1048 2502 1215 2546 antiquior
1239 2503 1295 2535 ille
1309 2505 1480 2547 Augustus
1500 2502 1535 2534 in
1552 2501 1625 2535 acie
1643 2501 1706 2534 ad-

283 2558 400 2579 versus
416 2547 582 2590 Bulgaros
601 2548 752 2587 caderet,
777 2559 796 2580 a
816 2547 885 2579 solo
906 2547 1123 2580 Constantino
1142 2548 1373 2590 Copronymo,
1397 2547 1516 2581 deinde
1539 2547 1583 2579 ab
1610 2545 1706 2579 huius

282 2596 404 2634 nepote
415 2591 642 2632 Constantino,
664 2593 778 2625 Ireues
795 2593 970 2634 Augustae
988 2591 1039 2631 F.‚
1062 2592 1205 2643 denique
1226 2598 1339 2625 nostra
1355 2592 1509 2626 memoria
1525 2592 1566 2624 ab
1581 2591 1705 2623 Ioamle

283 2637 452 2678 Augusto,
476 2637 534 2681 qui
550 2638 735 2671 Moesorum
744 2636 867 2680 oppida
884 2636 921 2670 vi
938 2636 1163 2679 expugnavit,
1186 2637 1294 2670 victos
1317 2638 1483 2681 Bulgaros
1511 2636 1705 2686 perhibent:

283 2691 390 2723 neque
406 2681 489 2714 ullus
503 2681 586 2714 alius
598 2682 817 2715 Romanorum
837 2680 1007 2714 exstitisse
1024 2680 1180 2722 traditur,
1199 2682 1258 2726 qui
1274 2682 1367 2716 illos
1358 2694 1393 2715 ιιι
1410 2682 1557 2726 ipsorum
1567 2679 1705 2724 regione

283 2724 470 2759 debellarit.
517 2726 586 2760 Sed
605 2727 647 2761 de
664 2727 716 2760 his
733 2726 827 2761 satis.
