1768 3034
286 118 350 164 40
770 121 971 167 LEONIS
999 121 1238 164 DIACONI

76 240 109 271 A.
129 239 172 271 M.
190 230 403 282 6471τιὰν,
440 233 576 284 ψυχῆς
612 246 654 272 τε
690 229 852 289 ἀνδρείᾳ
881 232 1125 285 σπαργῶσαν
1152 226 1219 269 καὶ
1249 223 1437 280 σώματος
1473 223 1589 284 ῥώμῃ
1622 230 1716 282 φλε-

123 284 229 318 Ind'fi
288 299 547 354 γμαίνουσαν.
601 297 751 339 ἄτοπον
782 298 860 353 γὰρ
901 298 988 350 ε’μοὶ
1023 297 1089 336 καὶ
1124 294 1171 337 οὗ
1205 293 1384 350 φορητὸν
1417 295 1713 350 καταφαίνεται,

288 363 367 407 ὑπὸ
401 365 541 417 τομίου
572 366 731 419 οἲκτροῦ
763 364 805 405 ἐκ
833 368 905 417 τῆς
925 365 1242 418 Παφλαγονικῆς
1271 361 1438 417 ἐρημίας
1468 364 1518 418 τῇ
1543 361 1718 417 πολιτεία1

282 431 675 487 -παρεισφθαρέντος,
711 431 807 479 τοὺς
827 435 907 476 τῶν
922 428 1129 482 Ῥωμαίων
1157 428 1328 484 ἄγεσθαι
1346 428 1612 484 στρατηγοὺς,
1652 427 1719 468 καὶ

291 501 387 554 τῇδε
408 497 561 539 κάκεῖσε
580 497 850 552 παρέλκεσθαι
870 501 943 551 τῆς
965 496 1096 553 ῥινὸς,
1132 494 1187 545 ὥς
1216 493 1465 552 ἀνδράποδα.
1511 495 1592 536 ἀλλ’
1623 493 1747 535 ἕπουὸ

292 566 365 619 τὴν
387 567 577 618 ταχίστην
585 595 601 618 5
638 564 731 619 εἴγε
749 564 807 619 μὴ
826 562 956 620 βούλῃ
977 564 1145 620 ζωγρίας
1164 564 1338 619 ληφθεὶς
1357 563 1408 605 τὰ
1426 560 1593 617 πήματα
1612 559 1720 603 δεινὰ
1767 614 1768 620 ¹

290 631 542 676 πείσεσθαι.”
1653 674 1657 678 ,

168 714 207 747 Ρ,
227 712 274 747 25
395 697 445 741 δ’.
484 696 687 753 Τοιαύτην
709 696 937 747 ἀνειπόντος
958 701 1030 740 τοῦ
1051 695 1240 740 Ἰωάννου
1265 697 1510 753 παραίνεσιν,
1534 695 1720 749 διανέστη

293 783 335 808 τε
364 766 464 822 πρὸς
494 766 619 820 ἀλκὴν
646 764 667 807 ὃ
690 764 948 821 Νικηφόρος,
986 766 1052 806 καὶ
1082 765 1134 806 τὰ
1167 763 1272 806 ὅπλα
1299 764 1535 812 καθυποδύς
1558 763 1632 817 τὴν
1658 763 1721 805 ἐπὶ

292 835 540 889 Καισαρείας
564 832 649 886 ἅμα
668 837 724 890 τῷ
742 831 905 889 Ἰωάννῃ
926 832 1104 887 ἠπείγετο
1127 833 1373 888 πανστρατί·
1420 833 1486 873 καὶ
1503 833 1718 884 τηνικαῦτα
1735 836 1768 870 lc

293 899 517 954 πηξάμενος
531 898 692 956 χάρακα
709 899 782 953 τὴν
801 899 993 955 στρατιὰν
1010 897 1232 953 ὑπεδέχετο.
1292 899 1373 940 ἐπεὶ
1393 899 1437 940 δὲ
1455 897 1563 946 ἐντὸς
1579 897 1722 951 ὀλίγων

80 974 152 1008 Fol.
167 973 235 1008 283
250 984 276 1006 r.
295 965 454 1023 ἦμερῶν
475 965 581 1008 ἅπαν
603 967 648 1008 τὸ
671 970 743 1020 τῆς
760 967 897 1015 Ἀσίας
917 966 1018 1022 πρὸς
1039 966 1162 1008 αὐτὸν
1184 963 1454 1021 συνήθροιστο
1478 962 1720 1020 στράτευμα,

294 1033 448 1089 ἡμέρας
471 1034 548 1088 ἤδη
576 1032 875 1089 διαφαυούσης,
913 1035 979 1075 καὶ
1008 1038 1088 1075 τῶν
1115 1032 1290 1087 ἡλιακῶν
1315 1033 1483 1074 ἀκτίνων
1510 1029 1723 1088 ὗφαπλου-

295 1102 426 1156 μένων
445 1105 493 1156 τῇ
511 1106 560 1157 γῇ
583 1099 771 1158 (Ἰούλιος
794 1099 891 1154 εἶχεν
908 1099 1067 1156 ἀρχὴν),
1090 1101 1128 1142 οἵ
1147 1101 1220 1149 τὰς
1238 1104 1310 1142 τοῦ
1331 1103 1504 1155 στρατοῦ
1532 1101 1723 1154 παρειλη-

297 1167 419 1225 φότες
434 1167 643 1222 ἡγεμονίας
661 1166 746 1221 ἅμα
766 1172 822 1224 τῷ
843 1171 1054 1223 στρατηγῷ
1073 1165 1237 1223 Ἰωάννῃ
1260 1167 1311 1209 τὰ
1331 1168 1424 1222 ξίφη
1445 1163 1723 1220 γυμνώσαντες
1735 1174 1768 1209 ῙΞ

298 1237 364 1276 καὶ
397 1235 469 1288 τὴν
500 1233 739 1291 στρατήγιον
772 1234 921 1288 σκηνὴν
955 1233 1249 1287 κυκλωσάμενοι
1287 1232 1649 1291 (προστεταγμένον
1681 1232 1725 1273 δὲ

296 1306 417 1343 τοῦτο
443 1302 543 1357 πρὸς
570 1306 641 1342 τοῦ
663 1299 848 1343 Ἰωάννου
879 1308 963 1349 τοῖς
990 1308 1229 1356 στρατηγοῖς
1259 1302 1325 1341 καὶ
1354 1304 1539 1354 λοχαγοῖς
1565 1295 1616 1353 ἦν
1628 1331 1643 1351 ,
1680 1296 1725 1347 ὅς

264 1377 345 1423 Βγε
371 1368 497 1410 δεινὸν
527 1370 717 1419 ἐποιεῖτο,
756 1370 790 1410 εἲ
819 1367 970 1422 ἄνδρας
1002 1366 1183 1420 αἱμάτων
1213 1366 1375 1422 ἀγεννὴς
1406 1368 1593 1420 ἐκτομίας
1623 1365 1736 1419 μετὰ

298 1437 451 1489 νηπίων
482 1435 783 1488 τιθηνουμένων
816 1433 1143 1486 καθυποτάσσοι,
1190 1429 1217 1490 ᾗ
1253 1433 1302 1475 ἂν
1347 1433 1457 1490 αὐτῷ
1491 1433 1725 1488 δεδογμένον
1755 1447 1758 1450 ’

299 1501 403 1558 εἴη),
442 1500 720 1557 αὐτοκράτορα
742 1500 956 1553 ζΡωμαίων
983 1503 1048 1542 καὶ
1080 1501 1271 1556 κραταιὸν
1303 1501 1472 1555 βασιλέα
1503 1501 1574 1542 τόν
1593 1503 1768 1554 Num-2(

300 1567 430 1625 φόρον
447 1567 636 1624 ἐφήμιζον
646 1601 659 1619 ,
687 1566 947 1623 πολυχρόνιον
962 1566 1114 1624 ’κράτος
1133 1569 1243 1626 αὐτῷ
1264 1566 1525 1621 ἐπευχόμενοι.
1573 1565 1594 1609 ὅ
1614 1569 1658 1609 δὲ
1675 1567 1726 1608 τὰ

299 1640 441 1691 πρῶτα
457 1636 529 1688 μὲν
547 1635 739 1677 ἀπείπατο
756 1635 830 1688 τὴν
850 1633 1038 1688 τοιαύτην
1058 1635 1185 1691 ἀρχὴν
1193 1668 1206 1687 ,
1244 1635 1291 1677 τὸ
1309 1640 1381 1677 τοῦ
1398 1633 1533 1688 ὕψους
1550 1636 1725 1690 ἐπίφθο-

299 1720 370 1743 νον
398 1701 711 1756 εὐλαβούμενος,
745 1703 811 1744 καὶ
839 1702 909 1743 τὸν
943 1706 1015 1755 τῆς
1044 1701 1232 1743 συνεύνου
1259 1704 1325 1743 καὶ
1359 1706 1432 1743 τοῦ
1457 1702 1548 1743 υἱοῦ
1579 1700 1726 1757 Βάρδα

300 1767 585 1824 προϊσχόμενος
600 1767 797 1818 θάνατον,
830 1767 875 1816 ὃς
891 1766 999 1824 αὑτῷ
1018 1773 1089 1822 τῆς
1106 1767 1259 1822 ἡλικίας
1285 1769 1330 1810 τὸ
1356 1766 1553 1822 βιώσιμον
1587 1769 1722 1819 ἕλκων,

301 1835 393 1891 ἄρτι
424 1842 620 1891 πυραυγεῖ
638 1840 694 1892 τῷ
721 1834 842 1892 ῗούλῳ
868 1834 1196 1891 περιαστράπτων
1224 1836 1298 1890 τὴν
1321 1836 1460 1890 γε’νυν,
1499 1835 1603 1877 κατὰ
1632 1842 1768 1877 naa-25

390 1927 423 1964 4.
439 1927 744 1974 παρεισφαρέντος
753 1930 827 1966 cod.
871 1932 927 1965 22.
946 1927 1118 1967 ἇπείπετο
1130 1930 1203 1964 cod.
1249 1927 1306 1964 24.
1325 1926 1426 1975 αὐτῷ
1441 1927 1726 1974 cod-Leg-oezito'.

302 2018 478 2050 corporum
494 2007 667 2040 roboribus
683 2007 829 2041 florenti.
874 2007 1005 2040 Etenim
1023 2007 1199 2040 absurdum
1211 2018 1274 2040 nec
1290 2006 1463 2040 ferendum
1480 2006 1617 2040 videtur
1633 2008 1728 2049 mihi,

303 2063 324 2084 a
353 2051 469 2083 misero
489 2053 657 2094 spadone,
689 2053 748 2096 qui
766 2064 806 2085 ex
831 2052 1007 2085 solitudine
1022 2052 1274 2096 Paphlagonica
1298 2051 1501 2095 reipublicae
1524 2053 1727 2096 obrepserit,

303 2096 407 2128 duces
429 2096 592 2128 Romanos
618 2095 696 2139 agi,
720 2100 754 2130 et
783 2098 847 2130 huc
871 2097 950 2129 illuc
973 2109 1054 2130 naso
1080 2097 1177 2137 duci,
1207 2100 1365 2140 tanquam
1386 2096 1560 2140 mancipia.
1607 2099 1728 2142 Itaque

302 2151 442 2184 sequere
459 2141 649 2181 confestim,
672 2141 736 2174 nisi
751 2142 805 2175 vis
823 2142 975 2185 captivus
990 2143 1100 2175 factus
1116 2142 1202 2174 mala
1221 2147 1368 2174 extrema
1382 2141 1550 2184 perpeti.”

394 2184 426 2219 4.
449 2185 502 2218 Ea
528 2186 756 2219 cohortatione
779 2188 821 2220 ab
847 2187 971 2219 Ioanne
994 2187 1085 2219 sacta
1107 2191 1237 2219 erectus
1262 2186 1306 2218 ad
1331 2186 1489 2219 virtutem
1512 2186 1727 2231 Nicephorus

304 2230 421 2262 sumtis
447 2230 546 2262 armis
570 2242 635 2263 una
659 2242 730 2264 cum
756 2232 879 2264 Ioanne
903 2236 1040 2275 totoque
1064 2231 1211 2264 exercitu
1234 2231 1432 2264 Caesaream
1458 2232 1653 2265 contenditz.
1677 2231 1726 2265 ibi

305 2274 423 2307 (nstris
438 2275 536 2307 factis
567 2275 748 2310 exercitum
764 2277 903 2320 recepit.
950 2276 1082 2309 Paucos
1101 2281 1176 2319 post
1194 2275 1286 2314 dies,
1309 2275 1458 2308 omnibus
1474 2276 1518 2309 ad
1538 2276 1630 2310 illum
1647 2288 1725 2310 coa-

304 2319 368 2352 ctis
385 2319 486 2352 Asiae
509 2319 613 2362 copiis
627 2344 637 2360 ‚
668 2320 880 2354 illucescente
905 2322 968 2354 iam
992 2321 1046 2354 die
1070 2320 1240 2364 radiisque
1259 2320 1339 2353 solis
1357 2320 1391 2352 in
1408 2325 1533 2354 terram
1550 2334 1588 2354 se
1603 2322 1726 2355 diffun-

304 2363 459 2396 dentibus
478 2364 578 2407 (Iulio
597 2368 668 2397 erat
686 2365 856 2407 ineunte),
880 2365 1041 2409 praefecti
1060 2365 1223 2398 exercitui
1244 2376 1309 2397 una
1329 2376 1401 2397 cum
1421 2365 1546 2399 Ioanne
1566 2366 1725 2410 magistro

305 2408 469 2441 districtis
490 2409 611 2452 gladiis
635 2410 837 2453 praetorium
858 2411 994 2450 cingunt
1026 2410 1080 2453 (id
1106 2409 1246 2442 tribunis
1277 2409 1590 2455 centurionibusque
1619 2411 1725 2454 impe-

305 2459 415 2486 ratum
433 2457 531 2487 antea
547 2455 588 2487 ab
603 2455 724 2487 Ioanne
740 2458 824 2495 erat,
849 2457 970 2488 acerbe
986 2456 1125 2494 ferente,
1143 2454 1230 2498 quod
1247 2455 1391 2497 ignavus
1402 2456 1505 2497 spado
1523 2467 1596 2489 cum
1612 2455 1726 2499 pueris

305 2496 502 2532 lactentibus
527 2499 686 2533 militares
706 2511 866 2542 personas
887 2501 929 2533 ad
951 2499 1124 2532 arbitrium
1142 2500 1382 2542 gubernaret),
1405 2499 1641 2544 Imperatorem
1656 2501 1728 2533 Ro-

307 2553 472 2576 manorum
507 2548 739 2588 potentemque
775 2546 958 2587 Augustum
987 2544 1213 2588 Nicephorum
1240 2545 1455 2584 renunciant,
1492 2545 1662 2589 imperium
1690 2543 1726 2576 in

307 2588 424 2620 multos
436 2600 538 2622 annos
557 2589 605 2621 illi
620 2591 805 2632 precantes.
852 2589 918 2622 Hic
939 2588 1042 2633 primo
1060 2588 1189 2632 quidem
1201 2591 1379 2622 recusabat
1396 2588 1555 2623 eiusmodi
1572 2600 1725 2622 summam

306 2636 523 2675 potestatem,
555 2633 712 2667 invidiam
735 2633 885 2667 altissimi
911 2634 1039 2676 fastigii
1068 2633 1215 2674 veritus,
1245 2634 1425 2678 uxorisque
1448 2646 1488 2668 ac
1513 2634 1574 2668 filii
1593 2634 1726 2669 Bardae

306 2676 429 2711 obitum
449 2683 622 2719 causatus,
647 2679 723 2723 qui,
745 2678 851 2723 ipsum
869 2678 1048 2712 iuventutis
1066 2678 1197 2712 vitalem
1216 2679 1366 2723 spiritum
1383 2679 1540 2720 trahens,
1561 2679 1726 2722 tutilaque

304 2719 458 2765 lanugine
475 2724 540 2759 iam
566 2735 683 2767 genam
713 2723 966 2768 circumfulgens
978 2747 988 2764 ,
1013 2723 1253 2760 exercitatione
1275 2724 1403 2758 ludicra
1420 2735 1485 2758 non
1504 2724 1615 2759 multis
1632 2723 1726 2758 amus
