1768 3034
281 129 378 176 102
750 133 954 179 LEONIS
984 133 1223 176 DIACONI
1249 167 1253 176 .

64 248 99 280 A.
120 248 161 280 M.
183 245 271 295 6478
280 242 353 297 τὴν
371 246 451 284 τῶν
468 245 611 296 ψυχῶν
631 241 850 295 ἐπιμέλειαν
860 274 873 294 ,
912 246 961 297 τῇ
982 241 1025 282 δὲ
1056 239 1131 294 τὴν
1157 244 1238 283 τῶν
1257 237 1456 296 σωμάτων
1473 241 1708 299 κυβέρνησιν

107 295 172 326 Iud.
193 294 236 328 13
281 311 505 365 ἐνεχείρισεν
531 307 551 351 ὃ
583 309 846 364 δημιουργὸς,
885 306 940 356 ὥς
966 307 1016 349 ἂν
1042 307 1100 362 μὴ
1129 306 1282 350 τούτων
1304 307 1545 363 χωλεύσοιτο
1569 310 1706 366 μέρος,

243 375 422 433 Οᾶρτιόν
449 393 492 418 τε
518 377 584 418 καὶ
613 374 830 431 ὁλόκληρον
859 373 1105 426 διασώζοιτο.
1161 376 1317 428 τοίνυν,
1355 377 1435 418 ἐπεὶ
1459 377 1506 419 τὸ
1526 378 1656 433 χρεῶν
1687 375 1709 419 ὃ

278 444 353 499 τὴν
372 445 580 498 ἐκκλησίαν
602 441 754 484 ἶθύνων
774 442 939 491 ἐξέτισεν
951 474 964 493 ,
1003 441 1116 499 ἔργον
1141 443 1215 496 μὲν
1233 441 1380 486 τούτου
1399 448 1471 486 τοῦ
1494 443 1708 499 ἀλαθήτου

279 511 451 568 πέφυκεν
481 511 723 566 ὀφθαλμοῦ,
761 509 831 551 τὸν
861 514 1230 565 κατευμεγεθοῦντα
1259 509 1421 554 πάντων
1448 513 1503 561 εἷς
1527 511 1601 566 τὴν
1628 515 1742 555 λει-5

279 580 467 634 τουργίαν
488 581 568 619 τῶν
595 578 719 619 θείων
749 583 1014 632 παραγαγεῖν,
1053 571 1085 635 ᾧ
1114 580 1182 619 καὶ
1208 578 1285 634 πρὸ
1307 582 1380 620 τοῦ
1403 583 1638 634 πλασθῆναι
1656 579 1709 621 τὰ

280 643 573 699 ἐπιτηδεύματα
603 648 684 686 τῶν
715 642 944 700 ἀνθρώπων
977 644 1219 699 διέγνωσται.
1285 646 1409 695 αὐτὸς
1435 648 1500 699 δὲ,
1539 641 1587 690 οἷ]
1622 654 1709 689 πεῖ-

281 730 356 768 ραν
387 711 534 765 ἀνδρὸς
573 711 863 767 ἀναμφίλεκτον
901 712 944 752 ἐκ
979 716 1052 753 τοῦ
1088 717 1246 768 μακροῦ
1283 712 1435 768 χρόνου
1464 716 1706 772 παρείληφα,

277 783 423 821 τοῦτον
445 780 507 820 ἐπὶ
529 782 610 820 τῶν
628 776 778 820 θώκων
809 777 1040 832 ἀναβιβάζω
1067 784 1149 821 τῶν
1171 782 1522 835 ε’κκλησιαστικῶν·
1569 780 1624 831 ὥς
1651 781 1709 835 μὴ

278 845 404 889 λάθοι
429 846 531 888 κατὰ
551 847 696 901 γωνιάν
723 845 793 887 τὸν
811 847 903 899 βίον
931 846 1175 901 διηντληκιὺς
1194 847 1412 904 ἄνθρωπος
1438 851 1711 897 παντοδαποῖς
1724 857 1768 894 10

280 912 555 970 προτερήμασι
593 911 857 966 κλεϊζόμενος,
906 907 938 970 ᾧ
974 930 1015 969 γε
1044 916 1110 955 καὶ
1139 914 1186 956 τὸ
1226 916 1493 971 προορατικὸν
1525 918 1567 957 ἐκ
1603 919 1710 959 Θεοῦ

279 979 501 1036 δεδώρηται
523 978 717 1036 χάρισμα.
765 980 895 1022 πολλὰ
914 978 990 1036 γάρ
1011 999 1080 1034 μοι
1100 985 1183 1023 τῶν
1208 981 1435 1036 μελλόντων
1464 983 1590 1025 ἀνεῖλε
1615 984 1712 1042 θείᾳ

282 1047 393 1105 ὀμφῇ
403 1080 415 1099 ,
454 1047 627 1101 ἐκβάντα
655 1049 696 1088 ἐν
717 1054 802 1096 τοῖς
828 1055 980 1103 καιροῖς
999 1049 1174 1091 αὖτῶν.”
1219 1048 1323 1091 εἶπεν
1351 1049 1371 1092 ὅ
1397 1050 1606 1104 βασιλεὺς,
1645 1052 1713 1092 καὶ

239 1117 335 1164 Βεῗς
362 1115 486 1169 μέσον
516 1113 719 1170 παρήγαγε
747 1114 817 1156 τὸν
847 1108 1110 1171 ἀναχωρητῆν
1138 1119 1372 1170 Βασίλειον,
1411 1117 1456 1166 ὃς
1490 1119 1532 1168 ἐξ
1559 1116 1713 1172 ὀνύχων

277 1183 349 1225 τὸν
366 1180 522 1238 μονήρη
542 1184 632 1235 βίον
652 1180 948 1237 αἱρετισάμενος
958 1214 971 1234 ,
1008 1183 1179 1236 συχνοὺς
1205 1184 1362 1239 ἀγῶνας
1383 1183 1564 1241 ἱδρώτων
1584 1185 1710 1239 ἀσκη-
1724 1193 1767 1230 15

278 1254 398 1292 τικῶν
425 1251 466 1291 ἓν
495 1256 582 1297 ταῖς
608 1253 681 1290 τοῦ
706 1247 912 1302 Ὀλύμπου
943 1249 1176 1306 ἀκρωρείαις
1204 1253 1439 1301 ἐπεδείξατο.
1494 1256 1640 1294 τοῦτον
1671 1254 1712 1301 ἐς

279 1317 354 1371 τὴν
381 1317 668 1372 πατριαρχικὴν
696 1314 832 1358 ἑστίαν
861 1316 1008 1358 ἀνιέναι
1034 1317 1345 1372 παρεκελεύσατο
1362 1333 1371 1341 ·
1405 1323 1456 1374 τῇ
1485 1321 1528 1361 δὲ
1547 1318 1712 1376 ἐπιούσῃ

279 1382 401 1440 (αὕτη
429 1385 472 1437 δὲ
492 1379 541 1438 ἦν
563 1381 834 1436 ἀναστάσιμος
851 1382 979 1439 ἡμέρα
990 1416 1002 1435 ,
1040 1385 1144 1426 καθ’
1169 1385 1218 1439 ’ἢν
1241 1386 1314 1440 τὴν
1335 1385 1561 1442 ὀρθ-ἄδοξον
1580 1389 1726 1429 πίστιν

278 1453 367 1504 περὶ
386 1455 459 1504 τῆς
474 1455 556 1492 τῶν
574 1455 727 1492 σεπτῶν
740 1449 900 1492 εἰκόνιον
919 1449 1223 1505 προσκυνήσεως
1241 1454 1391 1495 οἷθεΐοι
1411 1455 1578 1510 πατέρες
1594 1453 1712 1511 ε’κρά-

278 1518 422 1575 τυναν)
442 1518 487 1559 τὸ
508 1522 579 1572 τῆς
597 1515 888 1573 ἀρχιερωσύνης
909 1516 928 1559 ὅ
951 1521 1161 1568 Βασίλειος
1176 1521 1331 1575 χρίσμα
1352 1521 1527 1575 δέχεται,
1565 1524 1631 1563 καὶ
1651 1523 1768 1567 οῗ-Ξό

279 1585 508 1639 κουμενικὸς
524 1582 770 1640 πατριάρχης
788 1583 1111 1641 ἀνακηρύττεται.

379 1661 431 1718 η’.
465 1661 628 1719 Ἰωάννῃ
649 1664 692 1705 δὲ
710 1668 767 1721 τῷ
793 1662 1058 1720 αὐτοκράτορι
1081 1668 1247 1714 πολλαῖς
1272 1672 1360 1714 ταῖς
1385 1666 1594 1721 φροντίσιν
1619 1667 1711 1709 ε’τα-

152 1733 191 1767 P·
216 1733 261 1768 63
285 1729 492 1773 λαντεύετο
515 1729 539 1784 ἦ
562 1729 740 1782 διάνοια,
772 1732 867 1788 ποίᾳ
889 1731 938 1784 δὴ
960 1733 1134 1789 προτέρα
1154 1734 1241 1786 δοίη
1263 1732 1336 1787 τὴν
1355 1732 1483 1789 ῥοπὴν
1504 1735 1546 1775 ἓν
1566 1733 1713 1792 τριόδῳ

283 1799 594 1853 ἀπειλημμένος,
627 1800 694 1839 καὶ
711 1797 768 1851 μὴ
788 1800 1047 1854 παρενεχθείη
1068 1803 1140 1842 τοῦ
1164 1800 1334 1849 δέοντος.
1370 1799 1396 1854 ἥ
1417 1818 1457 1843 τε
1476 1800 1552 1857 γὰρ
1573 1800 1714 1850 σπάνις

284 1929 386 1970 atque
403 1926 583 1971 imperium,
595 1938 734 1972 quarum
749 1926 800 1961 illi
814 1926 946 1972 quidem
958 1928 1137 1962 animarum
1152 1939 1276 1969 curam,
1289 1927 1366 1962 huic
1377 1939 1552 1973 corporum
1566 1928 1715 1973 regimen

284 1971 426 2005 tradidit
439 1972 551 2015 opifex
569 1973 830 2017 aedificatorque
845 1973 970 2012 mundi,
993 1980 1031 2006 ut
1049 1978 1170 2007 neutra
1185 1985 1265 2017 pars
1284 1974 1336 2006 his
1352 1974 1616 2007 moderatoribus
1633 1987 1715 2018 ege-

284 2021 357 2056 ret,
381 2016 442 2048 sed
455 2017 588 2060 integra
608 2022 642 2050 et
657 2018 852 2062 incorrupta
875 2023 1145 2051 conservaretur.
1190 2020 1310 2058 Nunc,
1342 2019 1497 2062 quoniam
1522 2019 1625 2052 fatale
1654 2020 1716 2053 de·-

283 2061 388 2093 bitum
409 2061 438 2093 is
462 2062 520 2105 qui
544 2062 719 2095 ecclesiam
735 2064 900 2106 regebat,
925 2063 1088 2106 exsolvit,
1112 2063 1216 2107 primo
1242 2063 1374 2106 quidem
1400 2063 1443 2095 ad
1472 2063 1564 2096 illum
1587 2065 1716 2098 oculum

283 2106 452 2149 pertinet,
478 2106 531 2139 cui
553 2107 701 2140 abditum
719 2112 772 2140 est
791 2108 893 2148 nihil,
919 2114 954 2141 et
968 2109 1041 2148 cui,
1064 2109 1119 2141 vel
1138 2112 1315 2151 antequam
1340 2112 1503 2152 concepta
1522 2112 1619 2149 sunt,
1643 2114 1718 2142 stu-

284 2151 342 2183 dia
366 2151 530 2184 hominum
559 2152 789 2192 innotescunt,
813 2157 851 2185 ut
878 2152 930 2186 vir
956 2153 1104 2186 omnibus
1126 2158 1303 2197 praestans
1330 2154 1374 2186 ad
1403 2164 1513 2186 rerum
1529 2153 1715 2187 divinarum
1755 2166 1766 2179 ·

283 2195 602 2229 administrationem
617 2198 828 2240 producatur.
875 2198 952 2241 Ego
979 2209 1060 2231 vero
1079 2198 1205 2238 virum,
1229 2197 1322 2230 cuius
1345 2209 1365 2230 a
1381 2198 1479 2241 longo
1498 2201 1646 2243 tempore
1663 2199 1715 2232 in-

284 2240 470 2273 dubitatum
489 2241 669 2284 periculum
687 2243 774 2282 feci,
798 2243 884 2275 hunc
899 2243 936 2275 in
955 2243 1214 2276 ecclesiasticam
1232 2243 1343 2275 sedem
1360 2244 1527 2286 proveho:
1550 2255 1593 2276 ne
1611 2244 1716 2277 lateat

285 2286 321 2318 in
337 2285 457 2329 angulo
475 2286 578 2319 vitam
594 2286 739 2320 tolerans
755 2287 810 2319 vir
825 2287 929 2320 omnis
946 2288 1080 2331 generis
1101 2288 1260 2320 virtutum
1284 2288 1492 2321 excellentiis
1510 2289 1638 2330 clarus,
1661 2289 1715 2322 cui

285 2336 322 2364 et
339 2331 580 2374 praenoscendi
597 2331 711 2364 futura
728 2333 820 2364 Deus
836 2332 955 2365 donum
973 2333 1149 2365 concessit.
1195 2332 1304 2365 Multa
1321 2333 1406 2365 enim
1425 2333 1505 2366 mihi
1521 2334 1592 2366 eius
1612 2345 1716 2377 gene-

286 2375 334 2409 ris
353 2375 467 2409 divino
482 2376 589 2409 edidit
606 2376 759 2416 oraculo,
785 2388 871 2420 quae
896 2377 1102 2420 temporibus
1124 2377 1192 2410 suis
1211 2377 1426 2411 evenerunt.”
1473 2379 1548 2411 Hac
1566 2379 1716 2412 oratione

286 2420 420 2462 habita,
443 2421 627 2464 Imperator
650 2421 809 2453 Basilium
835 2421 1015 2455 solitarium
1036 2422 1071 2454 in
1093 2422 1234 2455 medium
1259 2423 1438 2466 produxit,
1461 2423 1537 2467 qui,
1562 2434 1583 2456 a
1601 2428 1715 2456 tenero

288 2471 426 2511 arrepta
441 2465 512 2499 vita
528 2465 731 2506 monastica,
755 2465 902 2499 laborum
922 2467 1139 2499 asceticorum
1167 2468 1286 2500 crebra
1313 2468 1496 2500 certamina
1518 2468 1554 2501 in
1578 2467 1718 2501 vertici-

290 2511 350 2543 bus
372 2511 507 2555 Olympi
522 2511 685 2544 ediderat.
732 2511 878 2543 Huncin
896 2512 1137 2554 patriarchales
1159 2512 1259 2545 aedes
1280 2512 1380 2545 iussit
1405 2513 1601 2555 demigrare.
1648 2512 1717 2545 Po-

291 2556 409 2590 stridie
426 2556 498 2589 eius
517 2556 587 2588 diei
603 2555 679 2599 (qui
696 2560 769 2587 erat
784 2567 825 2588 ea
842 2556 1023 2595 dominica,
1047 2568 1113 2600 qua
1130 2562 1251 2590 rectam
1268 2557 1368 2590 fidem
1386 2558 1429 2590 de
1447 2558 1539 2590 cultu
1555 2568 1717 2593 veneran-

291 2601 406 2634 darum
423 2601 600 2644 imaginum
619 2604 798 2633 sanxerunt
817 2599 922 2633 divini
939 2602 1072 2644 patres)
1093 2602 1236 2635 Basilius
1253 2602 1366 2635 summi
1386 2602 1567 2636 sacerdotii
1589 2602 1716 2635 unctio-

291 2656 363 2679 nem
379 2647 523 2690 accipit,
546 2651 648 2690 atque
661 2645 889 2678 oecumenicus
906 2646 1100 2689 patriarcha
1115 2647 1340 2680 renunciatur.

383 2703 415 2734 8.
438 2701 554 2735 Ioanni
578 2712 657 2734 vero
678 2700 875 2744 Imperatori
900 2701 1010 2734 multis
1038 2701 1130 2734 curis
1156 2713 1279 2746 anceps
1306 2702 1473 2746 pendebat
1498 2702 1642 2741 animus,
1676 2701 1719 2734 ad

294 2757 388 2789 quam
406 2747 499 2790 prius
516 2747 719 2780 incumberet
732 2746 768 2779 iu
785 2745 885 2779 trivio
903 2746 1100 2781 constitutus
1111 2774 1122 2791 ,
1144 2759 1252 2792 neque
1271 2759 1291 2781 a
1309 2751 1402 2781 recto
1420 2747 1557 2782 consilio
1586 2747 1720 2781 aberra-
