1760 3034
400 141 461 185 IN
487 138 802 184 THEODOSII
828 139 1138 184 ACROASES.
1382 133 1483 185 539

42 248 89 284 in
111 245 354 284 stationibus
378 247 600 295 continens,
629 245 814 284 omnihus
820 245 945 297 probe
961 247 1189 284 constitutis
1196 275 1210 296 ‚
1235 247 1392 286 insulae
1414 262 1484 294 ur}-

42 301 109 340 hes
125 304 234 340 omni
252 303 294 341 vi
311 310 531 353 oppugnat.

155 358 246 400 148.
281 355 358 404 Τοῖς
379 353 570 409 στροφάς]
597 357 632 396 A
647 358 767 397 verbo
788 355 954 409 στρέφω,
967 358 1103 409 flecto,
1123 366 1297 410 torqueo,
1317 359 1486 398 deduxit

42 414 147 452 forte
167 412 407 451 Theodosius
430 427 573 451 nomen
603 412 777 465 στροφάς
804 414 854 451 ad
882 414 1134 462 significanda
1160 416 1333 454 militum
1350 416 1484 454 taber-

42 468 208 518 nacula,
235 482 301 507 seu
329 470 520 508 tentoria:
548 470 732 522 suspicor
756 476 887 507 tamen
910 470 1116 520 legendum
1141 471 1274 522 potius
1294 485 1375 509 esse
1391 487 1485 524 τρο-

44 521 143 575 φάς.
193 522 331 588 Τροφη
353 525 455 563 enim
482 526 641 578 proprie
673 539 876 563 annonam
913 532 951 563 et
978 535 1246 564 commeatum
1270 527 1485 579 significat:

44 594 91 619 ac
115 580 250 619 latiori
278 581 395 618 etiam
420 582 537 619 modo
567 596 640 634 pro
666 584 847 619 tentoriis·
874 595 945 620 seu
977 585 1123 620 castris
1142 583 1352 635 accipitur,
1382 583 1490 635 quod

43 636 285 675 adnotarunt
309 637 450 675 eruditi
466 637 750 689 Lexicograplii
779 637 1000 688 Hesychius
1028 645 1067 676 et
1099 638 1364 686 Phavurinus,
1392 640 1490 678 scri-

0 742 1 747 1
43 692 179 730 bentes
194 695 358 744 τροφῆς,
378 689 514 745 χάραξ.
556 693 750 745 [Στροφαὶ
772 691 1065 744 στρατευμάτων
1076 695 1191 746 globi
1208 696 1384 733 militum
1401 709 1490 734 ver-

0 751 1 758 *
43 748 180 797 terim,
209 754 255 785 ut
273 748 323 785 sit
351 748 665 800 circumscriptio
697 750 892 787 exercitus
919 750 963 787 in
991 747 1131 801 λόχους
1159 751 1289 790 divisi.
1345 753 1491 790 Sensus

46 803 151 842 enim
167 809 239 852 est,
267 803 533 855 Nicephorum
565 811 690 843 castra
713 805 939 853 munivisse,
968 807 1078 844 urbis
1096 808 1270 846 munitae
1286 807 1338 845 ad
1353 808 1492 858 instar,

48 873 147 912 quae
174 859 344 909 legiones
365 861 611 899 continerent
630 867 668 899 et
688 867 906 900 tuerentur.
923 862 965 899 F.
982 861 1030 913 1.]

159 916 253 957 150.
278 914 505 966 Ἑλληνικᾶς
530 913 719 969 κήρυσσε]
747 917 909 955 Homeri
934 918 1048 955 locus
1072 924 1199 956 exstat
1224 918 1268 955 in
1285 919 1406 957 Iliade
1420 919 1490 958 lib.

46 969 131 1009 VII.
159 983 198 1010 v.
219 971 314 1014 435.
342 972 412 1009 ubi
441 972 497 1010 sic
528 973 714 1011 describit
741 986 899 1012 murum
923 987 947 1011 a
967 974 1126 1013 Graecis
1143 974 1412 1026 aedificatum,
1443 981 1493 1014 ut

45 1039 166 1066 naves
195 1032 235 1065 et
253 1033 381 1066 castra
399 1029 711 1067 communirent.

322 1094 414 1134 ποτὶ
431 1090 474 1135 δ’
494 1091 613 1136 αὕτὸν
634 1099 759 1147 τεῖχος
779 1095 938 1147 ἔδειμαν

129 1145 322 1220 Πυργους
338 1147 390 1190 θ’
407 1149 612 1202 ὕψηλους,
640 1148 748 1203 εἶλαρ
765 1167 877 1208 νηων
896 1166 939 1191 τε
964 1149 1032 1190 και
1051 1166 1194 1192 αυτων.

126 1201 193 1244 Ἐν
212 1203 252 1245 δ’
269 1202 424 1246 αὐτοῖσι
451 1204 613 1255 πυλας’
594 1208 797 1247 ενεποίεον
817 1209 860 1247 εὐ
881 1203 1085 1266 ἄραουίας,

119 1258 259 1330 ’Όφρα
274 1258 332 1301 δι’
353 1258 511 1302 αὐτάων
529 1263 745 1314 ἱππηλασίη
764 1260 855 1310 ὁδός
878 1263 958 1314 εἴη·

120 1313 344 1357 ’Έκτοσθεν
375 1316 419 1358 δὲ
446 1319 617 1385 βαθεῖαν
644 1315 712 1358 ἐπ’
733 1314 840 1373 αὐτῷ
855 1315 1013 1370 τᾶφρον
1032 1315 1189 1369 ορυξαν,

131 1368 331 1426 Ευρεῖαν,
359 1370 555 1426 μεγάλην·
577 1374 621 1414 ἐν
639 1373 683 1414 δὲ
697 1360 894 1421 σκόλοπας
910 1373 1145 1424 κατέπηξαν.

274 1492 278 1494 ,
309 1450 424 1503 apud
436 1459 571 1489 autem
591 1453 746 1503 ipsum,
775 1466 935 1489 murum
954 1458 1224 1489 exstruxerunt

136 1509 359 1559 marre-sque
382 1508 503 1556 altas,
532 1511 820 1546 munimentum
842 1510 1009 1545 navium
1041 1514 1076 1544 et
1096 1509 1364 1559 ipsorummet.

134 1564 186 1602 In
205 1565 306 1614 ipsis
326 1577 416 1601 vero
430 1565 767 1615 portas-fecerunt
786 1564 876 1601 bene
895 1571 1073 1614 aptatas,

142 1620 195 1656 Ut
204 1633 278 1669 per
295 1619 393 1656 illas
413 1622 604 1670 equestris
622 1622 688 1658 ι’ἰα
707 1627 803 1657 esset
814 1635 826 1656 .-
1515 1625 1558 1660 P.
1579 1625 1647 1661 381

131 1675 323 1712 Exterius
341 1682 470 1711 autem
483 1674 735 1726 profundam
752 1677 860 1712 circa
880 1675 1179 1726 ipsumsos-sam
1193 1671 1401 1722 foderunt,
1514 1670 1589 1706 Col-
1614 1674 1634 1707 1

131 1731 308 1781 Latum,
335 1744 527 1782 magnam
539 1760 550 1779 7
580 1739 617 1768 et
641 1734 684 1768 in
707 1746 754 1768 ea
772 1730 890 1768 sudes·
909 1738 1056 1768 acutas
1072 1729 1300 1781 defixerunt.

164 1809 257 1850 151.
274 1805 539 1861 ‘'Ag“EnroQog
556 1808 654 1860 χείρ]
676 1811 842 1846 Saevum
864 1808 911 1845 ab
927 1808 1096 1846 Hectore
1118 1808 1367 1846 commissum
1384 1821 1496 1860 prae-

50 1863 149 1901 lium
180 1864 230 1901 ad
249 1877 368 1902 naves
389 1871 427 1901 et
449 1865 743 1915 propugnacula
761 1863 1002 1902 Achivorum
1032 1863 1155 1902 fusius
1186 1863 1424 1904 describitur
1447 1864 1497 1903 ab

51 1918 223 1957 Homero
253 1919 366 1957 Iliad.
391 1920 458 1958 lib.
477 1920 563 1957 XV.
584 1934 618 1960 V.
639 1921 733 1962 374.
763 1926 802 1958 et
825 1933 934 1971 seqq.

148 1973 266 2019 wid.
293 1971 420 2026 Βολή]
450 1976 508 2013 lta
527 1976 681 2024 Codex,
711 1976 913 2013 Cornelius
945 1981 1072 2013 autem
1092 1974 1188 2024 legit
1211 1972 1348 2027 βουλή.
1389 1973 1498 2028 Βολὴ

51 2031 232 2082 profecto
254 2030 301 2068 de
322 2032 476 2069 cunctis
495 2032 625 2080 armis,
646 2045 744 2082 quae
762 2034 872 2069 iactu
887 2031 1036 2069 feriunt
1055 2036 1093 2068 et
1114 2029 1313 2079 occidunt,
1331 2045 1353 2068 a
1372 2031 1498 2070 Grae—

54 2086 110 2124 cis
125 2086 290 2136 dicitur,
320 2100 442 2138 eaque
460 2101 541 2125 vox
560 2088 680 2138 magis
702 2086 796 2125 huic
814 2088 903 2125 loco
930 2087 1090 2124 videtur
1115 2086 1346 2134 convenire,
1376 2101 1500 2139 quum

51 2140 260 2180 Hectorem
299 2143 389 2180 telis
428 2142 630 2194 hastisque
657 2156 778 2182 naves
807 2156 855 2181 ac
882 2143 1125 2181 munimenta
1152 2141 1398 2182 Achivorum
1427 2157 1498 2194 ag-

52 2209 230 2247 gressum
253 2198 446 2237 Homerus
473 2199 630 2237 scribat.

167 2254 258 2296 153.
284 2249 575 2306 Ἀραχνοειδῶς]
606 2255 737 2302 Quum
763 2254 957 2292 Homerus
987 2254 1134 2293 dixerit
1155 2253 1364 2292 Hectorem
1387 2259 1499 2292 tanto

53 2309 206 2371 impetu
234 2309 275 2346 in
297 2310 501 2348 Graecos
489 2311 671 2359 irruisse,
702 2316 749 2348 ut
773 2325 904 2348 eorum
934 2311 1226 2362 propugnacula
1246 2310 1325 2347 cito
1344 2309 1498 2347 deiece-

53 2364 128 2412 rit,
158 2363 400 2403 Theodosius
434 2371 615 2417 poetam,
645 2380 714 2404 seu
739 2366 869 2422 potius
903 2367 1072 2404 Graecos
1104 2367 1211 2418 ipsos
1236 2363 1500 2416 reprehendit,

55 2419 162 2470 quod
185 2433 252 2458 eoi
255 2433 319 2458 um
348 2422 589 2460 munimenta
611 2423 706 2460 adeo
728 2417 868 2460 debilia
887 2423 1173 2471 exstruxerint,
1203 2427 1250 2459 ut
1272 2433 1502 2458 aranearum

54 2475 180 2514 instar
207 2476 378 2514 excitata
400 2477 640 2516 viderentur.
697 2479 842 2517 Verum
863 2478 966 2516 lianc
988 2478 1132 2516 erroris
1152 2483 1283 2515 notam
1304 2475 1499 2513 immerito

55 2530 228 2569 Homero
250 2531 386 2580 inurit,
414 2546 533 2583 quum
552 2533 805 2585 Apollinem
792 2548 835 2571 111
859 2534 933 2572 hac
952 2533 1238 2586 expugnatione
1258 2530 1418 2568 Hectori
1434 2530 1503 2568 ad-

56 2586 226 2624 intorem
254 2587 398 2637 fuisse,
427 2601 473 2626 ac
498 2602 589 2626 cum
622 2603 667 2627 eo
692 2590 941 2628 dimicantem
970 2596 1099 2628 turres
1127 2587 1311 2627 facillime
1334 2585 1502 2624 diruisse

58 2642 255 2691 confingat
282 2643 394 2682 iliad.
415 2643 483 2682 lib.
503 2645 589 2684 XV.
612 2658 652 2683 V.
670 2647 764 2687 353
794 2652 834 2684 et
854 2660 962 2697 seqq.

171 2699 263 2739 155-
295 2699 347 2738 Οἱ
363 2697 405 2738 δὲ
428 2696 626 2751 στροφάς]
653 2701 833 2740 Artifices
853 2701 921 2739 hic
947 2699 1226 2739 describuntur
1244 2695 1501 2735 allaborantes

5 2755 12 2762 '
60 2749 103 2788 in
123 2751 388 2792 fundamentis
405 2755 676 2794 substruendis
675 2769 799 2809 ‚quae
818 2770 940 2808 quum
961 2769 1010 2795 ex
1025 2755 1130 2794 saxis
1149 2752 1395 2806 potissimum
1407 2766 1502 2804 qus·
