1768 3034
301 135 396 181 114
774 138 975 184 LEONIS
1002 137 1239 181 DIACONI

94 256 128 288 Α.
146 244 188 287 m.
205 243 641 303 6479Κουροπαλάτης,
677 245 699 288 ὃ
728 250 800 288 τοῦ
831 243 975 301 Βάρδα
1003 242 1164 295 τοκεῦς,
1200 243 1242 292 ἒς
1268 243 1342 297 μὲν
1368 242 1442 296 τὴν
1474 246 1597 298 νῆσον
1620 241 1711 286 Λέ-

135 301 199 333 Iud.
216 298 260 332 ¹4
304 320 404 368 σβον
424 313 739 369 φρουρούμενος,
777 313 843 353 διὰ
865 309 1073 367 Στεφάνου
1095 311 1162 362 δὲ,
1197 313 1270 352 τοῦ
1295 307 1507 351 ἐπισκόπου
1523 308 1710 363 Ἀβύδου,

302 387 388 429 τοῖς
407 379 615 422 Μακεδόσι
632 378 821 434 χρήματα
849 380 913 419 καὶ
941 377 1060 430 τιμὰς
1078 374 1407 429 ὑπισχνούμενος,
1443 377 1508 417 καὶ
1526 377 1715 430 δέχεσθαι

305 445 427 489 αὑτὸν
455 447 497 487 ἔκ
522 451 593 500 τῆς
620 444 742 498 νήσου
774 442 1015 497 ἀναγόμενον
1042 441 1381 498 προτρεπόμενος,
1426 443 1492 483 καὶ
1517 444 1713 484 συνεπιτί-

267 518 456 556 Βθεσθαι
467 546 480 565 ,
518 514 582 554 καὶ
613 508 919 565 συνεργάζεσθαι
959 507 1068 567 aba?
1102 509 1174 563 τὴν
1200 512 1274 551 τοῦ
1293 506 1478 550 Ἰωάννου
1503 512 1584 550 τῶν
1613 508 1747 551 sim-5

303 580 470 635 κτορίων
489 578 733 632 καθαίρεσιν.

400 643 453 698 β’.
485 642 532 686 Ὁ
558 645 600 685 δὲ
626 642 835 697 βασιλεὺς,
871 642 941 684 τὸν
965 645 1147 683 τοιοῦτον
1173 641 1290 695 γνοὺς
1314 640 1596 697 νεωτερισμὸν,
1632 642 1714 683 διε-

303 709 489 766 ταράχθη
507 712 593 764 μέν,
630 708 684 758 ῶς
702 710 747 751 τὸ
777 708 899 760 εῗκὸς,
936 707 1092 765 ἀπτέρῳ
1109 709 1153 749 δὲ
1170 706 1278 761 τάχει
1297 708 1366 749 τὸν
1383 708 1595 749 ἐπίσκοπον
1614 707 1714 750 Στέ-

304 795 432 834 φανον
461 778 502 818 ἔκ
529 781 601 831 τῆς
634 774 806 829 Ἀβύδου
836 774 1064 829 ἀναγαγὼν,
1112 781 1195 822 τοῖς
1224 775 1489 829 δικαστηρίοις
1516 774 1711 816 ἐκδίδωσι.

304 849 384 886 τῶν
414 844 456 884 δὲ
477 840 719 899 πραγμάτιον
741 843 1041 896 ἐξελεγχθέντων
1059 842 1124 881 καὶ
1144 845 1399 896 καταφανοῦς
1421 838 1624 894 γεγονότος
1641 844 1714 882 τοῦ
1725 846 1768 880 10

94 917 162 952 Fol.
178 913 246 950 303
269 924 300 947 v·
310 909 536 966 δράματος,
571 909 640 950 τὸν
660 909 732 961 μὲν
758 912 807 962 τῇ
829 906 982 964 συνόδῳ
1000 911 1081 949 τῶν
1099 904 1319 948 ἐπισκόπων
1341 907 1615 961 παρέπεμψεν,
1652 905 1717 948 ἴκ-

304 992 455 1019 πτωσιν
475 980 547 1029 τῆς
578 972 790 1031 ἱερωσύνης
814 972 1147 1028 ὑποστησάμενον.
1193 973 1358 1014 Λέοντα
1387 973 1431 1014 δὲ
1459 972 1529 1013 τὸν
1553 975 1717 1028 Κουρο-

303 1040 507 1096 παλάτην,
544 1043 608 1083 καὶ
634 1039 891 1096 Νικηφόρον,
927 1041 998 1082 τὸν
1026 1037 1171 1081 τούτου
1198 1039 1308 1091 υἱὸν,
1345 1043 1395 1095 τῇ
1430 1042 1502 1080 τοῦ
1530 1036 1716 1080 θανάτου

304 1107 585 1163 ὕπαγαγόντων
609 1105 737 1163 ψήφῳ
755 1111 835 1149 τῶν
854 1109 1073 1157 δικαστῶν,
1107 1103 1129 1147 ὅ
1148 1105 1354 1159 βασιλεὺς,
1391 1105 1491 1161 πρὸς
1507 1104 1552 1146 τὸ
1572 1108 1716 1160 φιλαν-

270 1174 564 1231 Οθρωπότερον
593 1174 827 1224 ἀποκλίνας,
863 1173 934 1215 οὒκ
961 1172 1120 1214 ἔκτεινε·
1154 1172 1227 1220 τὰς
1257 1173 1301 1214 δὲ
1321 1170 1433 1224 ὅψεις
1461 1171 1710 1227 ἀμφοτέρων,
1725 1178 1768 1213 15

305 1242 408 1284 κατὰ
433 1242 506 1295 τὴν
526 1241 694 1294 Λέσβον
721 1242 895 1291 στείλας,
933 1238 1122 1295 ἓπήρωσε.
1170 1240 1236 1282 καὶ
1261 1237 1287 1292 ἡ
1314 1239 1387 1291 μὲν
1409 1242 1466 1294 τῷ
1494 1240 1715 1293 Κουροπα-

306 1307 406 1363 λάτῃ
438 1307 539 1363 πρὸς
565 1307 638 1360 τὴν
666 1304 863 1362 Εὐρώπην
891 1304 979 1347 τότε
1007 1308 1268 1358 μελετηθεΐσα
1295 1302 1480 1357 διάβασις
1518 1305 1558 1352 ἐς
1593 1308 1714 1346 τοῦτο

304 1375 350 1416 τὸ
379 1374 491 1422 τέλος
509 1374 712 1427 κατέληξε,
749 1370 937 1425 τοιαύτην
953 1372 1026 1424 μὲν
1046 1371 1154 1427 αὐτῷ
1175 1370 1248 1424 τὴν
1265 1370 1404 1424 ποινὴν
1422 1367 1711 1426 προξενήσασα,
1726 1416 1729 1417 ⁷

306 1441 474 1494 συχνοὺς
495 1441 539 1481 δὲ
557 1443 637 1482 τῶν
657 1441 782 1495 φίλων
794 1436 1012 1494 χρημάτων
1029 1440 1095 1479 καὶ
1115 1437 1232 1478 οἴκων
1252 1435 1498 1492 στερήσασα,
1538 1435 1623 1479 ὅσοι
1643 1437 1716 1492 τὴν

307 1508 450 1548 ἐκείνου
474 1505 704 1560 συμβουλὴν
733 1506 794 1545 ἐπὶ
815 1503 1042 1560 καθαιρέσει
1070 1507 1142 1545 τοῦ
1160 1504 1354 1556 βασιλέως
1378 1501 1642 1559 προσήκαντο.
1691 1502 1768 1547 520

305 1571 552 1628 &Bcipdaffi
590 1570 695 1621 ἅπαξ
722 1570 934 1619 ἀποκλίνας
952 1571 1017 1632 ἐεῖς
1046 1571 1282 1626 τυραννίδα,
1319 1569 1439 1626 ἀπρὶξ
1464 1568 1585 1623 εἴχετο
1613 1569 1713 1612 ταύ-

304 1656 398 1692 της,
434 1643 483 1694 τῇ
509 1655 549 1680 τε
578 1639 665 1693 περὶ
693 1636 813 1679 αὗτὸν
839 1637 1065 1694 πολυχειρίᾳ
1094 1635 1384 1692 γαυρούμενος,
1430 1638 1497 1678 καὶ
1522 1642 1610 1686 ταῖς
1632 1635 1714 1693 φά-

304 1708 414 1759 λαγξι
433 1702 744 1761 βρενθυόμενος,
781 1705 846 1745 καὶ
866 1702 959 1745 ὅσον
986 1701 1095 1745 οὔπω
1115 1702 1187 1756 τὴν
1206 1707 1279 1757 τῆς
1295 1704 1500 1757 βασιλείας
1519 1702 1713 1758 κατάσχε-

307 1787 369 1812 σιν
406 1771 674 1827 ὄνειροπολῶν.
731 1772 796 1811 καὶ
824 1773 926 1824 δῆτα
952 1769 1025 1823 τὴν
1058 1769 1193 1810 Ἀσίαν
1227 1770 1502 1826 κατατρέχων,
1548 1774 1627 1812 τῶν
1654 1770 1712 1825 μὴ

264 1838 575 1891 Βσπενδομένων
603 1835 711 1896 αὑτῷ
734 1841 946 1894 πυρπολῶν
972 1836 1046 1885 τὰς
1074 1836 1217 1887 οἰκίας,
1254 1837 1361 1878 λείαν
1389 1837 1512 1879 ἐτίθει
1537 1840 1767 1883 Μυσῶν.25

304 1963 456 2008 palates,
488 1963 620 1998 Bardae
672 1967 763 2006 ater,
793 1964 829 1998 in
844 1963 951 1999 insula
974 1964 1083 1998 Lesbo
1111 1963 1307 2000 custoditus.
1350 1963 1385 1998 Is
1411 1975 1472 2008 per
1496 1963 1713 2007 Stephanum,

304 2009 414 2052 Abydi
430 2010 631 2053 episcopum,
647 1975 885 2043 llrlacedonibus
901 2009 1057 2054 pecunias
1072 2008 1317 2053 dignitatesque
1328 2009 1537 2054 promiserat,
1553 2010 1713 2049 hortatus,

303 2056 341 2084 ut
358 2064 432 2085 sese
447 2064 488 2086 ex
502 2054 608 2086 insula
624 2053 768 2097 elapsum
791 2055 991 2099 reciperent,
1013 2053 1205 2098 pariterque
1221 2054 1400 2088 rebellione
1419 2053 1512 2086 facta
1526 2052 1570 2086 ad
1592 2057 1712 2086 exuu-

302 2096 445 2130 bandum
468 2097 602 2142 imperio
625 2098 776 2132 Ioannem
801 2110 933 2143 operam
951 2099 1150 2131 conferrent.

390 2143 423 2175 2.
446 2142 490 2175 At
511 2143 714 2186 Imperator,
737 2143 903 2176 intellecto
925 2142 1082 2176 eiusmodi
1109 2144 1216 2183 motu,
1246 2144 1462 2177 conturbatus
1490 2143 1530 2175 ut
1547 2151 1610 2184 par
1626 2144 1712 2183 erat,

302 2185 490 2219 incredibili
516 2186 686 2220 celeritate
700 2187 902 2230 Stephanum
925 2188 1124 2232 episcopum,
1146 2186 1264 2230 Abydo
1285 2192 1428 2232 raptum,
1451 2186 1586 2219 iudiciis
1603 2186 1714 2221 tradi-

304 2229 364 2263 dit.
411 2230 562 2275 Eumque
579 2231 712 2264 crimine
730 2233 924 2272 convictum,
942 2234 978 2265 in
993 2233 1098 2265 lucem
1114 2231 1254 2275 prolatis
1271 2233 1356 2266 dolis
1368 2258 1379 2273 ‚
1402 2232 1445 2265 ad
1459 2231 1618 2275 synodum
1638 2230 1714 2273 epi-
1750 2257 1755 2262 .

304 2278 476 2318 scoporum
491 2275 690 2315 transmisit,
720 2281 757 2309 ut
780 2277 827 2309 ibi
853 2276 1039 2310 sacerdotio
1062 2280 1258 2310 moveretur.
1310 2278 1452 2311 Leonem
1481 2274 1712 2319 europalatem

304 2318 723 2364 autem‚Nicephorumque
734 2321 829 2353 huius
843 2322 955 2362 filium,
980 2321 1098 2365 capitis
1116 2331 1137 2353 a
1151 2320 1315 2355 iudicibus
1334 2322 1578 2359 condemnatos,
1602 2319 1710 2364 Impe-

303 2367 413 2404 rator,
435 2364 479 2397 ad
504 2363 670 2397 lenitatem
686 2370 845 2398 revocata
861 2371 969 2399 mente
981 2389 992 2407 ,
1014 2376 1078 2398 non
1093 2364 1274 2406 interfecit,
1295 2366 1535 2409 luminibusque
1550 2364 1712 2396 duntaxat

304 2408 434 2449 ambos,
456 2408 589 2441 Lesbon
604 2409 791 2451 ablegatos,
814 2411 958 2444 orbavit.
1002 2409 1197 2444 Huiusmodi
1215 2411 1338 2445 exitum
1353 2411 1472 2444 habuit
1489 2407 1712 2451 Curopalatae

304 2456 383 2484 tunc
404 2452 579 2487 meditatus
597 2453 631 2486 in
650 2453 818 2498 Europam
833 2455 1011 2494 traiectus,
1033 2459 1071 2487 ut
1087 2465 1159 2486 cum
1176 2455 1242 2498 ipsi
1254 2456 1354 2489 talem
1369 2465 1508 2500 poenam
1524 2452 1711 2491 induceret,

303 2500 374 2529 tum
390 2497 490 2530 etiam
503 2497 622 2531 amicos
637 2497 736 2538 illius,
760 2500 942 2542 complures
961 2510 1052 2539 sane,
1068 2499 1211 2532 fortunis
1226 2501 1441 2544 domibusque
1456 2498 1657 2536 exturbaret,
1680 2495 1711 2529 si

304 2540 361 2583 qui
388 2541 516 2574 consilii
542 2542 612 2575 eius
637 2542 679 2575 de
694 2542 897 2586 Imperatore
921 2543 1063 2576 tollendo
1081 2543 1221 2577 fuissent
1237 2546 1433 2589 participes.
1477 2542 1607 2576 Atenim
1625 2541 1712 2574 Bar-

303 2584 376 2625 das,
398 2586 495 2619 semel
514 2586 556 2619 ad
571 2586 780 2620 rebellionem
796 2587 980 2632 prolapsus,
1001 2587 1181 2620 fortissime
1198 2589 1233 2621 in
1253 2601 1293 2622 ea
1308 2587 1564 2633 perseverabat3
1588 2586 1712 2619 elatus-

302 2639 367 2671 que
394 2628 599 2664 multitudine
622 2631 783 2665 hominum
812 2633 900 2665 circa
918 2644 954 2665 se
974 2636 1107 2674 coacta,
1131 2633 1272 2666 confisus
1291 2634 1414 2678 copiis,
1436 2632 1613 2664 instantem
1633 2640 1711 2674 pos-

301 2672 477 2707 sessionem
498 2675 629 2720 imperii
661 2674 852 2709 somniabat.
906 2677 960 2710 Ita
986 2676 1097 2710 Asiam
1119 2678 1325 2719 pervadens,
1349 2676 1512 2711 domicilia
1536 2675 1709 2717 cuiusque,

300 2716 357 2759 qui
396 2718 431 2751 in
460 2719 557 2753 fidem
580 2720 652 2755 eius
676 2731 739 2755 non
762 2725 918 2762 venerat,
940 2721 1017 2765 igne
1047 2721 1178 2755 subdito
1206 2723 1362 2767 praedam
1387 2722 1558 2765 Mysorum
1579 2717 1709 2753 habuit.
1763 2733 1768 2738 ·
