1748 3094
287 139 391 188 432
672 173 678 180 -
748 147 796 193 C.
821 150 869 194 Β.
899 146 1054 191 HASlI
1079 149 1281 195 NOTAE

275 266 376 294 ‘nem
395 255 553 304 ineunt,
582 251 917 306 quemadmodum
936 255 1186 305 Magistrum
1206 254 1483 308 Imperatorem
1499 258 1742 298 renuncient.

275 312 432 363 ltaque
466 310 526 348 ad
553 310 861 349 tabernaculum
893 312 981 348 eius
1009 313 1053 348 in
1082 325 1208 348 unum
1237 315 1439 363 congre-8815
1453 341 1610 353 ......
1666 314 1739 352 His

285 367 515 419 imperfecte
544 367 687 405 desinit
712 366 881 405 historia
910 367 1106 419 Anonymi
1130 368 1173 405 in
1201 367 1296 407 cod.
1316 369 1524 420 Vaticano,
1554 382 1668 421 quem
1688 381 1740 409 ex

286 424 364 462 alio
400 424 499 462 male
525 423 659 461 habito
687 423 932 475 descriptum
959 437 1040 462 esse
1069 425 1235 462 lacunae
1262 425 1469 477 spatiaque
1480 426 1626 479 passim
1644 426 1740 464 ali·-

284 479 418 518 brario
450 479 589 518 relicta
617 476 772 534 (veihis
793 493 935 532 nempe
952 480 997 519 in
1015 486 1235 533 piototypo
1253 481 1376 520 exesis
1393 488 1463 522 aut
1481 475 1646 535 deletis)
1666 482 1739 520 de-

282 542 519 576 monstrant.

400 596 496 643 Pag
526 592 594 634 41.
625 592 698 631 lin·
723 595 759 634 1.
792 587 979 644 Πλευσης
1006 589 1050 633 τό
1082 607 1290 645 μειρακιον
1310 588 1546 644 ω’νομαζετο]
1575 589 1622 630 In
1643 606 1738 631 ver-

283 649 393 687 sione
427 648 595 687 Cedreni
622 663 644 686 a
664 648 875 699 Xylandro
905 649 1007 686 facta
1031 656 1198 687 vocatur
1218 650 1353 688 Pelusa
1373 649 1420 687 Π.
1447 649 1541 692 649.
1567 649 1618 687 A.
1640 662 1738 700 per—

281 718 428 756 pelam.
475 705 585 743 Nam
615 707 658 742 in
689 705 904 755 scriptione
923 700 1108 757 Πλευσης
1131 705 1383 743 consentiunt
1403 707 1504 754 Leo,
1537 705 1738 744 Cedrenus

271 762 325 798 rin
343 762 507 809 Graeco,
529 762 698 812 Scylitza
719 761 894 798 Historia
913 775 996 809 ms„
1027 762 1198 800 Zonaras
1216 762 1262 800 Π.
1284 765 1378 805 199.
1399 763 1445 802 D.
1477 761 1623 813 Glycas
1640 761 1736 804 305.

268 817 327 857 D.
359 824 399 856 et
416 817 581 868 Congius
606 817 743 855 Famil.
764 818 924 868 Byzant.
948 819 1039 860 150.
1063 818 1105 856 C.
1201 826 1207 830 “

245 871 275 906 Β
397 877 497 925 Pag.
528 873 594 916 42
625 874 695 913 lin.
727 877 793 915 21.
822 871 1140 926 διαμιλλώμενοι]
1181 873 1377 926 Proposui
1422 871 1736 926 διαμιλλομένω·

282 929 361 967 nisi
381 930 487 968 dicas
507 936 623 967 neut1
627 943 690 967 um
707 930 881 982 positum
905 944 980 982 pro
1001 929 1243 969 masculino·
1272 930 1354 970 vid.
1364 929 1546 982 Vigerum
1562 931 1619 968 De
1636 929 1737 968 idio-

281 986 389 1025 tism.
421 987 488 1028 43.
519 986 560 1024 (3.
587 986 720 1037 ibique
740 992 868 1026 notas.

401 1045 501 1093 Pag.
532 1042 599 1084 43.
630 1043 702 1080 lin.
734 1045 770 1084 1.
799 1038 901 1082 καθ’
917 1039 971 1094 ἣν
990 1039 1139 1095 α’κρατα
1157 1037 1411 1095 πανταχόθεν
1425 1039 1560 1094 εἰσρεῖ]
1588 1041 1738 1081 Exem-

280 1098 348 1149 pla
369 1096 588 1136 adiectivi’
572 1096 759 1152 ἄκρατος,
791 1112 836 1136 eo
861 1112 977 1137 sensu
1005 1113 1084 1150 quo
1107 1099 1174 1138 hic
1195 1098 1394 1152 occurrit,
1412 1095 1586 1150 collegit
1611 1098 1737 1136 Gata-

281 1155 400 1193 kerus
420 1155 636 1193 Miscellan.
667 1154 867 1206 posthum.
886 1152 919 1195 I.
937 1155 1033 1198 450.
1057 1156 1102 1194 E.

393 1212 498 1262 Pag-
527 1211 594 1252 44.
625 1211 696 1248 lin.
727 1214 765 1252 6.
793 1209 867 1263 τὴν
878 1209 1138 1264 παντοδαπὴν
1151 1207 1295 1265 οἷρετην
1312 1183 1611 1264 ἄπαραμιλλος]
1639 1209 1736 1250 Vul-

281 1266 410 1317 gatior
442 1268 568 1304 soxma
590 1273 648 1304 est
668 1263 1011 1320 α’παραμίλλητος·
1034 1266 1224 1320 Iosephus
1248 1267 1734 1320 Antiquit.1udaic.271.

283 1324 330 1362 G.
364 1324 402 1361 S.
430 1322 603 1361 Iustinus
628 1323 781 1374 Μαι-1571·
801 1323 1079 1362 cohortatione
1097 1324 1147 1361 ad
1166 1325 1335 1362 Giaecos
1357 1325 1424 1367 40.
1440 1324 1486 1362 Β.
1505 1322 1736 1362 Eustathius

279 1379 333 1417 ad
360 1379 557 1430 Odysseae
590 1382 632 1419 P.
664 1383 759 1422 627.
787 1382 854 1422 23.
894 1380 1039 1418 Vocem
1057 1380 1294 1418 rwflssimam
1323 1375 1591 1432 ανταροὲμιλλος
1608 1389 1736 1430 neque

279 1436 423 1474 Lexica
438 1435 596 1484 habent,
626 1449 754 1486 neque
770 1443 878 1474 extra
896 1436 1064 1474 Leonem
1086 1436 1269 1488 scriptor,
1299 1442 1346 1482 ut
1363 1449 1475 1475 nunc
1493 1435 1652 1487 quidem
1671 1436 1734 1474 le·-

278 1498 437 1543 guntur,
469 1498 658 1543 quantum
677 1492 850 1541 memini,
881 1493 999 1531 ullus.
1057 1492 1228 1542 Vestigia
1246 1505 1457 1542 agnoscere
1474 1490 1574 1529 mihi
1594 1491 1734 1530 videor

278 1548 388 1600 apud
405 1547 758 1599 ‘I'heophylactum
791 1548 996 1600 Bulgariae
1023 1547 1364 1601 archiepiscopum
1389 1547 1515 1601 Epist.
1540 1561 1610 1587 xv.
1637 1550 1733 1590 818.

277 1605 317 1645 C.
339 1603 543 1657 ὕπερτίμῳ
570 1606 626 1659 τῷ
649 1606 806 1658 Ψελλῳ,
837 1604 905 1644 καὶ
926 1605 1157 1658 παραμίλλῳ
1177 1602 1253 1656 τήν
1272 1607 1466 1673 γλωτταν·
1494 1609 1534 1642 et
1553 1604 1733 1655 Epistola

274 1673 374 1699 LXX·
396 1664 490 1703 922.
515 1661 557 1699 C.
582 1646 830 1723 εἰσφέροντες
850 1663 902 1715 τῇ
923 1662 1151 1730 παραμίλλῳ
1179 1673 1252 1701 σου
1280 1656 1509 1713 ἆγαθότητι.
1566 1660 1734 1698 Utrobi-

275 1730 353 1768 que
374 1730 456 1754 non
475 1716 614 1754 dubito
642 1716 737 1767 quin
759 1716 1010 1755 scribendum
1030 1717 1081 1754 sit
1098 1713 1367 1770 ἄπαραμίλλῳ.
1467 1740 1470 1744 ·
1505 1740 1510 1746 ’

237 1771 267 1804 0
391 1776 488 1825 Pag
519 1773 587 1815 45.
618 1773 689 1811 lin·
722 1774 786 1814 13
815 1789 888 1822 την
918 1773 1086 1826 καρδίαν
1107 1773 1287 1825 βληθεὶς]
1317 1773 1425 1812 Adeo
1444 1777 1490 1811 ut
1506 1770 1623 1809 minis
1643 1784 1732 1809 exa-

276 1836 451 1900 spplaret
471 1829 646 1881 plebem,
677 1834 835 1868 auctore
852 1830 1002 1868 Zonara
1019 1829 1068 1868 II.
1089 1833 1183 1872 199.
1210 1830 1253 1869 Β.
1278 1827 1303 1870 o‘
1322 1828 1366 1869 δὲ
1379 1825 1560 1876 ἆπειλαῖς
1582 1830 1731 1879 μᾶλλον

278 1882 375 1925 αυτό
395 1882 660 1939 ἐξετράχυνεν.
717 1884 783 1923 Sic
805 1886 910 1923 enim
938 1885 980 1923 in
1001 1886 1152 1938 optimo
1174 1885 1269 1925 Cod.
1289 1886 1384 1937 Rog.
1403 1884 1534 1928 1715:
1569 1884 1614 1922 in
1634 1897 1729 1922 cuso

277 1954 390 1979 secus
416 1947 487 1982 est.

387 1999 494 2048 Pag.
524 1996 591 2040 46.
621 1997 692 2035 lin.
723 1999 760 2039 1.
789 1995 834 2037 ἐν
853 1999 938 2045 τοῖς
963 1995 1126 2049 Ὴρίοις]
1155 1998 1211 2035 De
1235 1996 1314 2036 hoc
1330 1997 1479 2050 palatio
1505 1995 1729 2035 suburbano

263 2052 319 2089 in
350 2052 691 2105 Constantinopoli
720 2052 930 2094 Christian.
965 2055 1058 2096 175.
1085 2054 1125 2093 C.
1155 2054 1401 2105 Ducangius,
1440 2051 1550 2092 cuius
1586 2051 1730 2090 ortho-

276 2108 484 2160 graphiam
509 2109 550 2146 in
571 2109 730 2147 nomine
750 2109 888 2150 Latine
905 2123 951 2147 ac
973 2110 1120 2148 Graece
1137 2110 1344 2148 scribendo
1365 2122 1452 2147 sum
1470 2115 1643 2147 secutus.

389 2163 490 2203 Ibid.
520 2165 592 2203 lin.
624 2169 691 2208 18.
717 2162 786 2205 Ἐκ
812 2160 955 2205 τούτου
986 2166 1212 2217 παρῤησίαν
1235 2164 1257 2206 ὁ
1286 2161 1511 2217 Βασίλειος]
1543 2165 1580 2203 Is
1598 2171 1729 2204 motus

275 2220 620 2286 Constantinopoli
638 2221 783 2259 accidit
803 2235 839 2260 a.
858 2222 896 2259 d
908 2221 953 2260 V.
971 2221 1027 2259 Id.
1048 2222 1212 2272 August
1232 2227 1279 2259 ut
1299 2221 1354 2260 ait
1376 2221 1539 2260 Cedren.
1556 2221 1609 2261 Π.
1631 2221 1727 2264 648.

272 2276 320 2315 A.
351 2272 520 2344 ἐννατην
547 2274 698 2330 α’γουσα
721 2277 776 2344 El.
796 2290 845 2316 ex
867 2277 990 2318 Codd.
1011 2275 1196 2345 α’γοντος,
1226 2290 1342 2316 sensu
1357 2277 1452 2316 item
1443 2276 1727 2344 postulante]

271 2335 346 2373 τοῦ
370 2327 607 2384 Λυγούστου
635 2349 775 2384 μηνος.
833 2334 955 2372 Paulo
975 2339 1065 2386 post
1086 2333 1132 2372 Β.
1161 2330 1239 2374 ἄπο
1256 2330 1416 2388 πρώτης
1433 2348 1537 2387 ωρας
1552 2336 1622 2386 τῆς
1641 2334 1729 2373 δευ-

272 2388 386 2442 τέρας
412 2387 581 2441 ἡμέρας·
609 2390 711 2427 male
739 2390 967 2439 Xylzmder,
1007 2403 1034 2426 a
1053 2390 1196 2440 prima
1234 2391 1480 2442 insequentis
1509 2388 1591 2426 diei
1613 2388 1727 2428 hora.

270 2444 364 2494 Est,
395 2458 422 2482 a
442 2446 583 2495 prima
609 2444 712 2482 hora
740 2444 822 2481 diei
837 2447 996 2486 Lunae.
1055 2446 1301 2486 constantin.
1322 2445 1566 2499 Porphyrog.
1592 2444 1728 2482 caeri-

269 2514 378 2541 mon.
409 2501 519 2539 aulae
536 2501 629 2551 Byz.
659 2501 688 2539 Ι.
717 2501 810 2543 253.
832 2502 876 2544 (3.
918 2500 972 2540 Ἡ
986 2500 1146 2554 δευτέρα
1164 2502 1266 2540 enim
1290 2503 1397 2555 apud
1417 2502 1586 2540 Graecos
1608 2499 1726 2538 Chri-

271 2558 420 2596 stianos
440 2563 497 2596 est
523 2557 718 2595 secundus
737 2557 976 2608 septimanae
1004 2556 1097 2602 dies.
1156 2558 1221 2596 Sic
1247 2559 1325 2596 Leo
1355 2557 1421 2602 94.
1435 2558 1480 2596 Β.
1500 2555 1590 2607 ἕκτη
1608 2554 1652 2596 δὲ
1671 2551 1726 2608 ἦν

269 2616 343 2663 τῆς
369 2609 589 2666 ἑβδομάδος
615 2611 765 2666 ἡμέρα,
793 2612 832 2652 11.
859 2626 890 2651 e.
921 2613 1002 2651 dies
1020 2613 1195 2654 Veneris.
1253 2614 1432 2665 Denique
1450 2611 1572 2678 apud
1576 2611 1725 2650 Cedre-

234 2675 372 2710 Dnum
400 2670 445 2709 Β.
477 2669 549 2710 lin.
571 2673 610 2712 9
645 2669 712 2707 ubi
743 2681 852 2706 nunc
878 2665 1223 2722 κατεστράφησαν,
1252 2670 1387 2708 malim
1403 2663 1724 2720 κατεσκάφησαν,
1746 2697 1748 2724 3

272 2725 379 2776 quod
405 2732 511 2764 certe
537 2725 656 2763 habet
683 2724 872 2777 Scylitzes
890 2738 961 2764 ms.

385 2784 484 2834 Pag.
512 2781 579 2825 47.
608 2782 679 2821 lin.
705 2784 746 2824 6.
774 2780 841 2822 καὶ
861 2811 867 2815 υ
882 2779 1121 2836 ἐρείπωσιν]
1150 2781 1334 2821 Fortasse
1370 2792 1449 2820 scr.
1484 2778 1723 2834 ἐρειπίωσιν.
