1768 3034
302 143 399 190 126
771 140 1246 205 LEONISVmAcoNI

91 266 124 297 Α.
143 265 185 296 M.
207 263 371 307 64792104-
399 254 559 305 ἀλύπως
586 251 791 311 ἐφρούρει,
831 253 1015 310 ἀναφέρει
1047 252 1099 293 τὰ
1128 249 1378 305 ξυναχθέντα
1406 250 1507 304 πρὸς
1534 249 1716 304 βασιλέα,

130 311 195 342 Ind.
218 307 259 345 14
304 323 487 381 ἐρόμενος
509 323 585 375 ὅ,τι
608 325 671 364 δεῖ
694 324 759 364 καὶ
788 328 922 363 ποιεῖν.
979 318 999 361 ὃ
1021 320 1064 360 δὲ
1084 316 1343 373 αὐτοκράτωρ
1359 316 1543 372 Ἰωάννης
1560 317 1717 371 ἐδήλου,

298 393 369 434 τὸν
388 393 460 446 μὲν
476 395 548 433 τοῦ
576 393 699 431 Φωκᾶ
720 387 910 444 Βάρδαν,
949 386 1132 442 κληρικόν
1159 384 1426 439 ἀποκαρέντα,
1462 383 1548 437 ἅμα
1566 384 1719 442 συζύγῳ

263 462 365 501 Cata)
383 459 530 506 τέκνοις
548 458 589 498 ἒν
610 461 660 512 τῇ
685 453 793 512 νήσῳ
812 457 905 511 Χίῳ
925 454 1142 509 περιορίσαι
1155 466 1164 475 ·
1202 451 1325 494 αὐτὸν
1349 452 1413 503 δὲ,
1444 451 1518 499 τὰς
1536 450 1721 504 δυνάμεις

86 534 153 567 Fol.
177 534 246 569 307
262 546 287 568 r.
301 524 538 582 ἀνειληφότα
547 556 560 576 ,
599 524 639 571 ἒς
665 522 737 577 τὴν
766 519 965 578 Εὐρώπην
997 521 1063 561 διὰ
1091 523 1164 562 τοῦ
1190 516 1483 572 Ἑλλησπόντου
1509 520 1752 576 διαπερᾷν,5

294 596 568 649 χειμεριοῦντα
588 589 688 645 πρὸς
708 589 759 630 τὰ
785 590 903 630 ἐκεῖσε
915 585 1125 641 χειμάδια·
1161 585 1235 641 ὥς,
1270 581 1369 641 ἦρος
1399 584 1523 633 εὐθὺς
1550 585 1719 639 ἐπιγινο-

294 661 440 715 μένου,
477 659 542 700 καὶ
574 657 696 698 αὐτὸν
722 656 890 709 βασιλέα
918 654 1020 708 μετὰ
1047 658 1126 695 τῶν
1152 652 1412 694 ὑπασπιστῶν
1437 653 1720 708 ἐκστρατεῦσαι

298 727 400 769 κατὰ
417 728 613 768 Σκυθῶν”
648 724 752 778 μηδὲ
769 723 845 779 γὰρ
865 721 936 777 τὴν
954 719 1109 764 τούτων
1129 719 1351 763 ἀκάθεκτον
1380 718 1497 775 ὕβριν
1522 723 1720 775 καρτερῆ-

295 809 363 836 σαι
388 791 537 836 λοιπόν.

396 858 455 903 θ’.
506 853 629 901 Οὗτοι
656 856 732 912 γὰρ
742 889 755 909 ,
793 855 865 910 τὴν
895 855 974 898 ἀπὸ
1007 860 1079 910 τῆς
1114 852 1311 912 Εὐρώπης
1337 858 1409 897 τοῦ
1439 849 1718 908 στρατηλάτου
1732 861 1768 895 10

298 926 442 980 Βάρδα
462 923 684 981 διαγνόντες
707 923 901 979 ἄπαρσιν,
946 924 985 971 ἔς
1010 923 1084 977 τὴν
1096 923 1233 964 Ἀσίαν
1259 922 1370 977 παρὰ
1397 920 1592 974 βασιλέως
1619 935 1720 961 στα-

298 994 432 1043 λέντος
458 994 522 1035 διὰ
545 993 614 1034 τὸν
643 991 804 1045 ἔναγχος
829 989 1167 1046 ἇναῤῥιπισθέντα
1197 990 1299 1045 πρὸς
1320 992 1391 1030 τοῦ
1418 990 1542 1030 Φωκᾶ
1573 984 1720 1042 Βάρδα

300 1060 582 1117 νεωτερισμὸν,
620 1056 803 1114 καθάπερ
821 1074 890 1110 μοι
910 1057 987 1110 ἤδη
1018 1055 1172 1113 ἒρρήθη
1183 1089 1197 1108 ,
1235 1056 1286 1098 τὰ
1306 1055 1471 1110 μέγιστα
1499 1051 1720 1106 Ῥωμαίους

300 1129 497 1179 ἐσίνοντο,
536 1127 758 1182 αἰφνιδίους
787 1121 1024 1172 ἓπεξελάσεις
1051 1114 1301 1177 ποιούμενοι,
1338 1124 1403 1163 καὶ
1423 1121 1496 1175 τὴν
1515 1125 1595 1171 τῶν
1616 1122 1720 1162 Μα-

262 1194 471 1239 Βκεδόνων
497 1192 714 1247 ληϊζόμενοι
748 1194 814 1232 καὶ
843 1193 1029 1245 δῃοῦντες
1058 1190 1252 1245 ἀφειδῶς·
1287 1193 1359 1231 τοῦ
1388 1189 1460 1242 τὴν
1486 1188 1717 1229 ἐπιστασίαν
1729 1196 1768 1232 15

299 1266 371 1315 τῆς
403 1263 583 1303 ἐνταῦθα
614 1262 804 1314 στρατιᾶς
832 1257 1142 1313 ἒγχειρισθὲντος
1166 1254 1351 1298 Ἰωάννου
1383 1255 1648 1310 Μαγίστρου,
1686 1248 1721 1312 ᾧ

296 1326 535 1383 Κουρκούας
553 1325 782 1379 ἐπώνυμον,
821 1325 860 1373 ἒς
879 1322 1087 1382 ῥαστώνην
1106 1325 1172 1364 καὶ
1197 1317 1366 1373 πότους,
1402 1322 1513 1378 παρὰ
1533 1321 1578 1362 τὸ
1601 1320 1716 1373 εῗκὸς,

296 1394 601 1445 ἆποκλίναντος,
641 1393 810 1447 ἀπείρως
828 1407 868 1432 τε
889 1392 954 1431 καὶ
978 1390 1153 1443 ἀμαθῶς
1172 1389 1409 1445 κεχρημένου
1429 1395 1513 1437 τοῖς
1532 1386 1727 1443 πράγμα,

296 1477 337 1502 σι
350 1475 360 1484 ·
388 1466 445 1518 τῷ
466 1477 527 1502 τοι
550 1461 614 1500 καὶ
635 1460 675 1507 ἒς
692 1457 913 1499 αὐθάδειαν
925 1459 990 1498 καὶ
1009 1455 1169 1511 θράσος
1186 1456 1238 1497 τὰ
1250 1454 1415 1497 Ῥωσικά
1435 1454 1594 1511 ἐπήρθη
1614 1470 1719 1509 φρο-

294 1526 466 1581 νήματα,
513 1526 585 1580 τὴν
608 1524 832 1581 ὗπέραυχον
863 1528 1076 1579 τοιγαροῦν
1105 1522 1335 1573 ἀλαζονείαν
1364 1521 1519 1574 αὐτῶν,
1556 1523 1622 1562 καὶ
1647 1520 1768 1565 τόν20

296 1594 480 1650 ἄντικρὺς
504 1592 831 1649 προπηλακισμὸν
846 1590 903 1645 μὴ
923 1591 1070 1645 στέγων
1085 1587 1105 1631 ὃ
1123 1589 1331 1642 βασιλεὺς,
1359 1590 1478 1630 παντὶ
1497 1588 1628 1630 σθένει
1647 1605 1719 1629 κο-

294 1660 422 1703 λούειν
442 1662 506 1703 καὶ
521 1663 730 1718 κατασπᾷν
748 1659 924 1713 ἠπείγετο
946 1658 988 1698 ἐκ
1007 1661 1079 1700 τοῦ
1094 1655 1297 1710 συστάδην
1319 1654 1477 1704 τούτοις
1500 1654 1718 1708 συμπλέκε-

296 1733 409 1771 σθαι.
446 1729 629 1770 ἐντεῦθεν
648 1729 713 1768 καὶ
731 1726 805 1775 τὰς
824 1722 1022 1780 ἐμπύρους
1041 1722 1210 1780 τριήρεις
1228 1722 1444 1779 ἕρματίζειν
1459 1722 1713 1778 προσέταττε,

173 1804 212 1838 Ρ.
236 1806 279 1840 78
302 1798 368 1837 καὶ
397 1797 507 1838 σίτου
535 1798 695 1848 πλῆθος
718 1794 758 1842 ἒς
786 1792 859 1847 τὴν
891 1796 963 1834 τοῦ
988 1791 1198 1847 Ἀδριανοῦ
1222 1789 1337 1833 πόλιν
1357 1788 1423 1832 διὰ
1449 1793 1528 1831 τῶν
1546 1790 1716 1843 σιτηγῶν

386 1903 417 1936 1.
446 1901 539 1935 Fort.
562 1897 736 1944 ἀναφέρει
749 1910 798 1934 τε.
888 1899 923 1933 2.
957 1896 1148 1943 αἰρόμενος
1170 1897 1245 1933 cod.

294 1990 474 2023 incolumes
502 1992 670 2022 asservat:
697 1989 739 2021 de
758 1988 867 2032 pactis
886 1987 928 2021 ad
948 1988 1129 2031 principem
1148 1986 1272 2019 refert:
1295 1984 1375 2028 quid
1392 1996 1478 2029 opus
1491 1984 1537 2018 sit
1553 1984 1644 2017 facto
1661 1982 1716 2016 in-

296 2040 457 2077 terrogat.
493 2034 679 2078 Rescripsit
695 2034 834 2066 Ioannes
851 2034 1046 2077 Imperator,
1064 2031 1231 2072 „Bardam
1246 2029 1404 2068 Phocam,
1424 2029 1580 2062 clericum
1591 2029 1714 2061 factum
1766 2036 1768 2038 '

298 2079 635 2122 circumtonsumque,
668 2089 740 2110 cum
772 2077 912 2120 coniuge
936 2081 1035 2121 atque
1060 2076 1174 2109 liberis
1197 2075 1232 2107 in
1249 2074 1366 2106 Chium
1393 2073 1531 2106 insulam
1558 2073 1716 2106 amanda-
1765 2094 1768 2097 -

296 2127 366 2157 ret:
399 2123 488 2166 ipse,
517 2123 668 2156 abductis
696 2122 821 2166 copiis,
843 2123 878 2154 in
894 2122 1061 2165 Europam
1088 2131 1149 2164 per
1164 2120 1412 2162 Hellespontum
1432 2118 1653 2156 transiiceret,
1678 2118 1715 2149 in

295 2168 530 2211 hibernisque,
562 2178 648 2210 quae
677 2178 738 2210 per
759 2167 831 2200 loca
853 2166 910 2199 illa
934 2167 1023 2207 sint,
1050 2165 1256 2198 hibernaret:
1280 2174 1353 2195 nam
1381 2162 1486 2204 primo
1507 2173 1589 2196 vere
1606 2161 1715 2205 ipsum

297 2213 531 2256 Imperatorem
556 2223 627 2244 cum
647 2211 768 2244 scholis
786 2211 822 2244 in
839 2211 985 2254 Scythas
1008 2215 1190 2244 moturum:
1213 2219 1324 2241 eorum
1340 2206 1556 2240 effraenatam
1571 2206 1716 2239 insolen-
1766 2204 1768 2207 '

296 2257 377 2292 tiam
391 2257 535 2290 tolerare
552 2256 677 2288 diutius
693 2268 729 2288 se
743 2255 864 2289 nolle.’'

385 2304 417 2337 9.
442 2301 575 2334 Etenim
602 2301 766 2344 Scythae,
798 2301 841 2334 de
864 2300 997 2333 Bardae
1025 2298 1118 2331 ducis
1146 2309 1188 2331 ex
1212 2297 1351 2340 Europa
1378 2296 1528 2329 discessu
1555 2294 1717 2328 certiores
1767 2335 1768 2338 Ἴ

296 2346 391 2387 facti,
414 2346 471 2390 qui
488 2346 530 2379 ob
549 2345 726 2377 excitatam
744 2345 838 2377 modo
863 2356 883 2377 a
902 2344 1014 2378 Barda
1033 2344 1147 2376 Phoca
1163 2342 1357 2375 seditionem
1374 2341 1408 2373 in
1422 2340 1532 2374 Asiam
1548 2340 1590 2372 ab
1606 2340 1716 2382 Impe-

297 2395 407 2424 ratore
433 2392 507 2423 erat
533 2389 670 2429 missus,
694 2389 809 2421 utiam
827 2389 950 2422 dictum
970 2392 1022 2421 est
1043 2400 1062 2421 a
1078 2399 1139 2427 me,
1162 2386 1336 2430 plurimum
1357 2387 1520 2419 Romanos
1538 2384 1716 2424 vexabant,
1766 2417 1768 2419 ,

294 2435 602 2477 incursionibusque
629 2433 810 2477 derepente
839 2434 938 2466 factis
956 2433 1104 2477 improbe
1118 2431 1322 2475 diripiebant
1339 2430 1580 2473 vastabantque
1597 2428 1716 2461 Mace-

297 2480 443 2513 doniam:
476 2480 562 2524 quod
579 2479 717 2511 Ioannes
740 2477 905 2520 Magister
916 2502 925 2519 ,
949 2480 1164 2520 cognomento
1181 2477 1348 2515 Curcuas,
1371 2474 1426 2507 cui
1442 2473 1609 2517 copiarum
1623 2473 1658 2504 in
1672 2472 1715 2504 il·-
1764 2479 1768 2517 '3

297 2525 338 2558 lis
354 2525 502 2568 partibus
523 2523 694 2556 commissa
709 2526 783 2556 erat
798 2533 888 2562 cura,
912 2522 1060 2555 desidiae
1077 2525 1176 2565 atque
1192 2520 1420 2564 potationibus
1434 2522 1567 2562 praeter
1586 2516 1715 2550 modum
1763 2518 1768 2557 j

298 2570 451 2610 deditus,
474 2568 626 2612 imperite
652 2572 751 2611 atque
776 2567 1002 2610 imprudenter
1030 2577 1084 2599 res
1111 2565 1379 2603 administrabat3
1418 2574 1459 2596 ex
1477 2573 1542 2606 quo
1558 2562 1600 2595 ad
1621 2572 1716 2594 arro-
1764 2574 1768 2581 >

297 2614 444 2656 gantiam
460 2614 682 2656 fiduciamque
699 2613 878 2645 Russorum
893 2623 928 2644 se
954 2614 1130 2644 erexerant
1146 2609 1254 2644 animi.
1303 2609 1451 2648 Quorum
1470 2606 1643 2650 superbam
1659 2604 1715 2637 in-

298 2659 467 2692 solentiam
491 2661 524 2692 et
548 2657 738 2691 manifestas
759 2656 972 2689 contumelias
992 2667 1064 2688 cum
1086 2666 1151 2688 non
1169 2655 1273 2687 ferret
1291 2653 1486 2696 Imperator,
1510 2650 1595 2683 omni
1609 2649 1645 2682 vi
1659 2659 1716 2681 re-
1766 2687 1768 2690 Ι

298 2703 422 2745 pellere
450 2706 484 2737 et
510 2703 656 2736 deiicere
683 2701 904 2746 properabat,
936 2700 1061 2745 praelio
1090 2699 1216 2733 collatis
1243 2697 1348 2740 signis
1374 2697 1474 2729 facto.
1519 2693 1664 2727 Proinde
1672 2694 1716 2744 *et
1764 2697 1768 2711 ³

297 2746 458 2790 igniferas
484 2748 638 2782 triremes
655 2746 797 2792 *onerari
812 2745 909 2780 iussit
920 2769 931 2788 ,
955 2749 991 2780 et
1007 2743 1206 2789 comportari
1223 2740 1472 2786 Adrianopolim
1489 2737 1716 2773 frumentariis
