1768 3034
307 185 406 237 272
600 222 604 227 ‹
689 191 1003 238 THEODOSI]
1029 191 1303 237 ACROASIS
1325 194 1358 236 Ι.

442 303 523 346 ἐκεῖ
540 303 747 360 παρεστώς
771 302 812 351 ἒξ
834 297 1046 355 ὀνειράτων
1066 296 1208 354 πύλης,

441 374 609 414 τοιαῦτα
630 373 774 426 φωνῶν
782 401 796 420 ,
835 372 907 421 τῆς
922 365 1080 421 βλάβης
1099 364 1344 419 ἂνεστόμους
1357 381 1369 392 ·

439 439 518 492 ,,τι’
536 437 606 479 τὸν
628 434 851 491 στρατηγὸν
874 434 921 476 οὐ
944 434 1151 486 δεδοικώς,
1186 432 1348 487 ἱππότα,

439 505 563 558 μέσον
586 506 744 558 σφαγῆς
763 501 971 549 πέπτωκας
990 502 1044 549 εἰς
1064 501 1197 550 ξένους
1215 499 1378 555 τόπους,
1664 514 1732 548 215

442 570 542 613 ὅπου
561 569 710 625 τροπὴ,
748 569 929 617 κίνδυνος
949 568 1236 622 ἓστομωμένος,

439 638 542 680 πνέει
564 636 665 678 καθ’
686 633 801 690 ἡμῶν
830 635 1054 691 φλεγμονὰς
1073 633 1371 691 πυρεκβόλουςς

440 702 582 759 μικρόν
602 720 640 744 τι
658 702 925 758 καρτὲρησον,
961 702 1148 754 ἐμβαλῶν
1179 700 1340 758 κράνος,

437 769 537 826 ὑπὲρ
555 771 580 798 *
593 773 709 811 θυῶν
721 770 867 811 ’ἵστασο
887 769 953 810 καὶ
970 773 1043 822 τῆς
1060 770 1182 822 δίκης.

438 837 540 894 ι’ίφες
560 837 630 879 τὸν
647 835 794 887 ὕπνον,
833 837 898 877 καὶ
917 832 1051 891 κράτει
1075 835 1147 888 τὴν
1170 834 1336 886 ἀσπίδα,
1664 846 1733 881 220

436 905 494 958 μὴ
515 908 594 961 γνῷ
618 903 663 944 τὸ
684 902 844 955 συμβὰν
866 900 887 944 ὁ
909 902 1133 956 στρατηγὸς
1152 907 1226 956 τῆς
1247 900 1422 957 μάχης.”

437 970 543 1025 οὕτω
563 970 609 1011 τὸ
630 969 791 1025 νωθρὸν
812 969 1014 1018 ἐξέκοπτες
1032 967 1200 1024 ἐργάτου
1207 1001 1222 1020 ,

438 1038 544 1092 εἶ’περ
567 1040 698 1092 παρῆν
721 1053 783 1084 τις
801 1033 1013 1091 νωθρότης
1033 1042 1117 1084 τοῖς
1140 1035 1319 1084 οἰκέταις.

439 1105 520 1145 ἐπεὶ
541 1105 583 1144 δὲ
603 1105 667 1144 καὶ
691 1107 780 1158 φῶς
799 1101 930 1158 ἡμέρα
951 1100 1192 1158 προμηνύειν

437 1175 590 1219 λευκοῖς
602 1174 766 1223 χιτῶσιν
788 1169 938 1224 ἤρξατο
960 1167 1233 1225 ζοφοφθόρος,
1665 1179 1734 1214 225

437 1238 599 1285 πέπλοις
618 1238 661 1277 δὲ
684 1241 883 1291 λαμπροῖς
900 1234 1099 1278 ἔστόλισεν
1119 1238 1281 1292 αἰθέρα,

434 1299 484 1359 ἦν
503 1308 576 1358 γῆν
597 1307 764 1359 θεωρεῖν
783 1300 1079 1359 λευκόμορφον,
1114 1305 1179 1345 καὶ
1196 1302 1330 1358 μάχης

430 1369 582 1426 κήρυκα
602 1374 683 1412 τῶν
701 1374 783 1412 σῶν
804 1371 1012 1425 ἐκδραμεῖν
1033 1369 1352 1425 στρατευμάτων,

434 1439 548 1491 τείχει
564 1438 637 1489 μὲν
658 1436 767 1494 ἄκρῷ
786 1436 859 1489 τὴν
876 1435 1062 1491 φάλαγγα
1079 1437 1282 1492 προσξέειν

436 1505 743 1545 ἓπεισπεσοῦσαν
762 1507 843 1544 τῶν
863 1503 1051 1545 ἐναντίων
1069 1502 1197 1558 ἄφνω.
1666 1515 1735 1551 230

436 1572 515 1612 ἐκεῖ
532 1570 579 1612 τὸ
601 1573 762 1623 πλῆθος
780 1573 861 1611 τῶν
883 1570 1121 1624 φερεκλοίων
1141 1569 1250 1612 ἅπαν

435 1636 561 1687 τάξας
582 1636 803 1693 στρατηγὸς
820 1637 1018 1689 τμητὶκῶς
1036 1635 1278 1692 ἀναρπάσαι,
1308 1661 1310 1663 -

440 1705 479 1746 οἳ
500 1701 798 1760 συστρατάρχαι
816 1706 890 1756 τῆς
909 1707 1054 1758 πικρᾶς
1076 1702 1297 1758 ἀλγηδόνος

439 1771 485 1813 τὸ
511 1771 670 1824 συμβὰν
691 1770 763 1812 οὐκ
781 1769 963 1824 ἤνεγκον,
1002 1769 1104 1811 ἀλλὰ
1125 1770 1200 1820 τὰς
1217 1769 1354 1827 θύρας.

442 1837 603 1892 ἤνοιξαν
615 1870 629 1890 ,
670 1837 887 1891 ἒξέπτησαν
904 1836 992 1878 ἀντὶ
1010 1838 1262 1893 στρουθίων,
1665 1837 1733 1873 235

444 1907 510 1946 καὶ
529 1904 630 1960 πρὸς
647 1902 804 1959 τάφρον
825 1901 1044 1957 πλήξαντες
1064 1901 1363 1956 ἀντανακλάσει,

437 1971 512 2025 τὴν
533 1970 688 2027 τάφρον
711 1971 944 2025 ἀντέβαινον
952 1984 979 2022 ,’
1005 1971 1098 2012 ἀλλ’
1121 1971 1379 2028 ἓμπροσθίως

391 2054 469 2088 213.
503 2050 702 2098 ἆνεστόμου
731 2054 772 2088 C.
868 2054 947 2089 215.
990 2055 1043 2094 εἰς
1078 2051 1213 2096 ζώους,
1244 2055 1282 2088 in
1310 2057 1379 2088 not.
1403 2051 1528 2097 ξένους
1551 2053 1592 2088 C.
1625 2057 1665 2089 ut
1694 2054 1730 2088 in

393 2099 466 2132 cod.
490 2110 564 2132 esse
585 2103 738 2133 testatur.
836 2100 916 2133 219.
948 2098 1043 2133 Fert.
1076 2097 1167 2141 ὑπὲρ
1195 2101 1292 2135 θεοῦ·
1323 2099 1408 2142 (θῦ)
1431 2100 1641 2140 emtarum,
1666 2110 1731 2142 pro

394 2144 455 2176 deo
475 2154 594 2187 pugna
622 2149 656 2178 et
686 2156 748 2187 pro
771 2144 913 2178 iustitia.
1022 2145 1102 2179 226.
1135 2145 1230 2178 Fert.
1263 2142 1447 2185 ἐστόλιζεν.
1497 2144 1552 2177 Of.
1581 2143 1642 2178 ΠΙ.
1673 2145 1731 2178 83.

393 2189 472 2223 229.
495 2189 601 2231 τείχει
620 2190 735 2234 μικρῷ
756 2189 793 2222 in
814 2192 885 2222 not.
906 2189 961 2222 vel
981 2189 1107 2235 μακρῷ
1128 2189 1169 2223 C.
1214 2189 1292 2223 vid.
1313 2190 1433 2222 Annot.

307 2253 502 2290 somniorum
517 2254 618 2288 ianua
637 2256 689 2288 his
702 2255 816 2289 verbis
839 2256 1039 2290 admonebas
1059 2255 1102 2289 de
1120 2254 1285 2299 periculoz
1307 2255 1406 2296 „Cur
1430 2266 1495 2289 non
1512 2254 1731 2290 reformidans

306 2300 443 2339 ducem,
467 2310 586 2343 eques,
610 2300 763 2334 fervente
789 2312 902 2345 pugna
929 2301 1032 2334 cubas
1058 2300 1227 2334 extraneis
1248 2300 1285 2333 in
1302 2300 1403 2341 locis,
1425 2300 1483 2334 ubi
1506 2300 1731 2334 consternatio

307 2344 482 2378 manifesto
511 2344 658 2388 periculo
688 2357 703 2378 s
729 2346 796 2379 irat
821 2349 938 2379 contra
961 2356 1021 2379 nos
1044 2345 1198 2379 ardentes
1215 2345 1388 2389 impetus?
1410 2345 1551 2390 paullum
1571 2343 1653 2389 quid
1672 2355 1733 2377 su·-

309 2389 414 2429 stine,
438 2393 473 2422 et
488 2388 642 2433 imposita
718 2401 756 2423 ea
781 2401 842 2434 pro
856 2389 1018 2434 religione
1036 2396 1109 2430 sta,
1131 2394 1167 2423 et
1185 2400 1247 2434 pro
1266 2389 1413 2434 legibnst
1436 2394 1557 2423 excute
1571 2399 1730 2429 somnum,

309 2437 345 2467 et
360 2433 528 2478 prehende
547 2433 708 2477 clypeum,
732 2446 774 2467 ne
788 2446 857 2468 rem
870 2441 1049 2479 cognoscat
1063 2434 1131 2467 dux
1144 2433 1298 2478 praelii.”
1343 2435 1399 2469 Ita
1413 2433 1596 2468 socordiam
1610 2432 1732 2478 depel-

309 2478 403 2511 lebas
430 2489 451 2511 a
469 2478 590 2518 milite,
613 2479 642 2511 si
656 2479 851 2523 quandoque
870 2479 981 2513 inerat
996 2479 1064 2512 tuis
1084 2479 1226 2512 famulis.
1271 2480 1361 2513 cum
1373 2483 1481 2514 autem
1498 2488 1618 2512 aaron
1631 2488 1732 2522 prae-

308 2523 466 2556 nunciare
490 2523 591 2557 lucem
620 2524 785 2567 coepisset
807 2525 883 2557 alba
898 2527 994 2557 veste
1011 2523 1180 2568 expellens
1199 2524 1376 2566 tenebras,
1400 2528 1436 2558 et
1455 2525 1564 2557 aerem
1582 2521 1731 2556 vestibus

313 2572 506 2601 exornasset
536 2567 675 2608 lucidis,
699 2568 906 2612 prospiceres
929 2574 1051 2602 terram
1077 2568 1291 2610 albicantem,
1314 2573 1350 2603 et
1378 2579 1510 2614 pugnae
1533 2575 1730 2612 praeconem

312 2624 449 2646 currere
464 2624 525 2657 per
539 2616 598 2646 tua
614 2613 742 2656 agmina
752 2637 763 2654 ,
786 2617 821 2646 et
838 2624 879 2646 ex
899 2613 965 2647 alto
984 2618 1080 2657 septo
1093 2613 1291 2658 phalangem
1305 2613 1467 2655 educere,
1487 2621 1575 2657 qnae
1590 2616 1730 2664 repente

312 2656 473 2691 irruitura
489 2662 562 2692 erat
575 2658 610 2691 in
629 2658 751 2691 hostes.
797 2657 849 2690 Ibi
865 2669 937 2691 cum
954 2668 1079 2691 omnem
1094 2658 1298 2703 captivorum
1310 2659 1442 2692 turbam
1461 2657 1530 2691 dux
1543 2659 1730 2696 statuisset,

313 2706 352 2733 ut
368 2703 579 2736 traherentur
592 2703 635 2736 ad
654 2714 784 2743 necem,
808 2702 1043 2736 commilitones
1059 2714 1170 2736 eorum
1192 2704 1305 2737 acerbi
1322 2702 1445 2737 doloris
1464 2712 1573 2735 casnm
1589 2711 1656 2734 non
1673 2704 1731 2746 tn-

312 2745 440 2787 lerunt,
463 2759 575 2781 verum
590 2747 697 2780 ianuis
719 2748 846 2792 apertis
863 2747 1064 2781 advolabant
1077 2747 1182 2782 instar
1197 2758 1385 2794 passerum,
1407 2751 1444 2781 et
1460 2746 1504 2780 ad
1521 2746 1643 2779 fossam
1656 2748 1730 2778 tur*

315 2791 426 2825 matim
438 2792 605 2830 irruentes
620 2792 707 2827 illam
730 2792 894 2828 violenter
918 2793 1185 2839 pertransibant,
1207 2794 1268 2829 sed
1296 2804 1316 2828 a
1341 2793 1451 2828 fronte
1468 2790 1618 2837 percussi
1634 2789 1732 2824 festi-
