1748 3094
286 146 381 193 358
659 150 1003 193 LmTPRANDl
1039 149 1295 194 LEGATIO

289 256 358 308 qui
380 262 437 294 est
464 255 574 294 locus
597 255 728 294 decem
757 259 795 292 et
819 259 908 292 octo
931 252 1159 291 milliaribus
1181 254 1511 306 Constantinopoli
1538 254 1695 304 distans,

289 319 528 375 Niceph'orus
549 335 610 359 me
629 319 809 358 accersiri
825 319 942 369 iubet,
962 319 1026 357 cui
1046 326 1084 357 et
1099 319 1175 357 ait:
1202 320 1385 358 Putabam
1401 326 1440 358 te
1452 321 1613 371 ‚quidem
1633 321 1699 358 vi-

289 401 379 429 rum
412 402 591 440 magnum
620 393 658 424 et
685 386 888 423 honestum
919 399 964 424 ea
987 386 1109 437 gratia
1132 385 1212 425 huc
1234 386 1406 436 venisse,
1439 392 1486 424 ut
1509 388 1699 439 completa

292 455 511 495 omnimodo
528 455 731 494 voluntate
745 465 828 490 mea
849 458 1075 504 perpetuam
1097 452 1201 492 inter
1226 465 1288 490 me
1313 459 1351 491 et
1378 452 1574 491 dominnm
1593 460 1700 491 tuum

289 523 543 561 constitueres
568 520 785 559 amicitiam.
846 520 898 558 Et
925 519 1105 571 quoniam
1131 519 1180 557 ob
1216 518 1342 558 cordis
1363 519 1423 556 tui
1451 519 1629 559 duritiem
1656 519 1700 556 id

288 590 415 628 facere
431 588 551 637 nolis,
579 601 702 626 unum
721 587 877 635 saltem,
907 586 1011 637 quod
1029 587 1153 623 facere
1171 585 1270 623 iusta
1285 585 1434 623 ratione
1450 585 1593 636 possis,
1622 585 1702 623 effi-

290 656 387 703 cito3
419 654 569 693 scilicet
588 653 788 693 dominum
818 659 930 690 tuum
961 652 1205 703 Principibus
1232 652 1412 702 Capuano
1441 658 1479 689 et
1501 652 1701 691 Beneven-

291 726 407 770 tano,
439 721 559 759 servis
578 721 692 768 meis,
730 733 825 770 quos
851 731 1072 770 oppugnare
1094 718 1280 770 dispono,
1312 719 1466 755 nullum
1496 719 1701 758 consilium

293 789 538 826 collaturum.
613 789 690 824 Sua
723 787 789 837 qui
822 799 904 823 non
944 786 1131 835 largitur,
1169 780 1304 822 nostra
1342 785 1476 822 saltem
1500 785 1699 826 dimittat.

292 854 403 893 Nova
422 868 483 893 res
500 859 578 902 est,
594 852 714 904 ‘quod
738 865 870 890 eorum
891 857 1019 903 patres
1055 857 1093 889 et
1121 851 1185 889 avi
1213 857 1346 888 nostro
1365 851 1529 901 Imperio
1555 851 1701 889 tributa

293 920 505 970 dederunt3
535 926 574 958 at
588 920 637 974 jd
657 920 751 957 istos
775 918 885 956 brevi
909 923 1082 969 tempore
1106 918 1276 955 facturos
1300 917 1455 969 Imperii
1479 918 1601 956 nostri
1629 931 1702 956 ex-

255 985 435 1025 Eercitus
462 986 663 1024 laborabit.
718 985 791 1022 Cui
819 984 1000 1034 inquam:
1030 983 1232 1035 Principes
1260 983 1327 1021 isti
1359 983 1530 1035 apprime
1554 984 1703 1023 nobiles
1737 987 1739 989 ’

292 1060 332 1091 et
348 1053 495 1090 domini
514 1053 590 1090 mei
610 1057 702 1089 sunt
722 1050 885 1100 milites,
915 1051 980 1101 qui
1009 1051 1040 1088 si
1061 1052 1250 1089 senserint
1268 1051 1482 1089 exercitum
1501 1055 1613 1088 tuum
1636 1063 1705 1089 su-

291 1133 365 1171 per
394 1133 457 1156 eos
486 1120 655 1167 irruere,
697 1117 751 1156 eis
780 1117 907 1168 copias
936 1117 1086 1166 mittet,
1124 1117 1351 1168 quibuscum
1377 1122 1467 1154 tuos
1496 1122 1704 1165 conterere,

294 1192 334 1224 et
363 1186 445 1223 duo·
468 1186 536 1223 illa
559 1185 749 1233 themata,
780 1197 876 1235 quae
905 1183 1010 1220 ultra
1039 1197 1143 1221 mare
1167 1183 1305 1232 habes,
1333 1182 1405 1220 tibi
1430 1183 1706 1234 praevalebunt

297 1253 458 1290 auferre.
522 1252 634 1288 Tunc
661 1250 819 1288 bufonis
849 1250 891 1288 in
920 1251 1078 1288 modum
1107 1250 1363 1298 tumefactus,
1403 1255 1443 1286 et
1476 1255 1703 1298 commotus,

291 1318 472 1368 Discede,
506 1318 647 1369 inquit.
703 1318 775 1355 Per
800 1329 881 1365 me,
909 1330 979 1368 per
1005 1317 1072 1368 qui
1098 1330 1160 1354 me
1184 1317 1299 1353 talem
1327 1328 1491 1365 genuere
1511 1322 1717 1367 parentes,

293 1385 457 1434 faciam,
483 1390 529 1423 ut
553 1383 659 1421 aliud
687 1382 865 1420 dominus
883 1389 998 1432 tuus,
1029 1396 1144 1433 quam
1174 1383 1384 1420 desertores
1414 1395 1544 1420 servos
1570 1382 1706 1420 defen-

294 1451 384 1490 dere
406 1451 558 1501 cogitet.
615 1450 787 1499 Cumque
809 1448 972 1497 abirem,
1000 1449 1112 1486 iussit
1133 1448 1359 1500 interpreti,
1386 1461 1446 1486 me
1465 1447 1540 1487 sibi
1565 1449 1705 1485 convi—

292 1530 381 1555 vam
407 1517 514 1555 fieri:
555 1515 764 1565 accitisque
803 1515 1024 1553 eorumdem
1048 1515 1273 1566 Principum
1309 1515 1426 1552 fratre
1454 1521 1493 1552 et
1517 1515 1706 1565 Byzantio

153 1584 226 1619 Col.
249 1587 273 1620 2
293 1582 513 1630 Barisiano,
557 1594 711 1630 magnas
739 1580 782 1618 in
804 1594 893 1630 vos,
923 1587 1149 1632 gentemque
1189 1580 1349 1618 latinam
1385 1587 1424 1618 et
1457 1581 1707 1619 Teutonicam

294 1649 548 1686 contumelias
577 1660 754 1685 evomere
780 1647 902 1685 iussit.
958 1648 1100 1686 Verum
1131 1660 1217 1685 cum
1248 1661 1269 1684 a
1299 1647 1454 1684 sordida
1480 1660 1599 1684 coena
1623 1647 1708 1699 ipse

295 1715 555 1763 discederem,
592 1713 1040 1765 nunciis-interpositis,
1080 1715 1179 1751 clam
1209 1713 1305 1751 mihi
1335 1702 1634 1762 mandaremnt,
1672 1719 1710 1750 et

295 1780 523 1817 iuraverunt
535 1809 545 1828 ,
574 1792 616 1817 se
641 1793 735 1830 quae
754 1780 991 1819 latraverant
1011 1795 1088 1818 non
1107 1787 1267 1832 sponte,
1297 1781 1363 1818 sed
1382 1781 1708 1831 Imperatore-vo—

295 1845 399 1882 lente
428 1851 464 1882 et
493 1845 750 1883 comminante
779 1846 932 1884 dixisse.
996 1847 1072 1884 Sed
1099 1854 1136 1885 et
1155 1848 1271 1885 idem
1305 1847 1547 1898 Nicephorus
1574 1847 1626 1899 in=
1642 1860 1709 1884 ea·-

297 1910 385 1947 dem
418 1925 536 1948 coena
563 1924 623 1948 me
640 1912 911 1961 interrogavit,
942 1913 973 1950 si
991 1927 1060 1951 vos
1077 1914 1284 1965 perivolia,
1312 1913 1354 1950 id
1373 1920 1429 1951 est
1447 1913 1570 1951 brolia
1592 1913 1654 1950 vel
1675 1913 1709 1950 si

295 1976 496 2026 perivoliis
521 1991 705 2027 onagros,
732 1979 797 2016 vel
813 1985 961 2017 caetera
986 1980 1165 2017 animalia
1183 1979 1385 2017 haberetis.
1442 1979 1514 2016 Cui
1531 1992 1616 2016 cum
1637 1992 1708 2017 vos

296 2041 441 2091 brolia,
473 2049 511 2080 et
538 2044 580 2080 in
602 2047 736 2084 broliis
758 2046 957 2096 animalia,
988 2046 1140 2096 onagris
1159 2046 1352 2097 exceptis,
1375 2045 1514 2083 habere
1536 2045 1707 2082 affirma-

296 2119 399 2145 rem:
429 2108 567 2146 ducam
588 2117 649 2157 te,
677 2112 823 2163 inquit,
852 2114 893 2150 in
915 2119 1088 2150 nostrum
1106 2112 1353 2162 perivolium,
1383 2110 1492 2149 cuius
1509 2111 1707 2160 magnitu-

302 2172 451 2222 dinem,
481 2181 518 2211 et
538 2190 696 2226 onagros
709 2205 730 2227 ,.
747 2179 790 2216 id
807 2185 865 2216 est
887 2179 1080 2216 silvestres
1103 2177 1228 2215 asinos
1241 2206 1250 2223 ‚
1279 2183 1318 2215 te
1336 2177 1479 2215 vidisse
1498 2178 1705 2217 miraberis,

260 2239 450 2276 BDuctus
478 2240 608 2291 itaque
636 2243 678 2280 in
701 2245 934 2295 perivolium
955 2245 1045 2282 satis
1073 2257 1273 2293 magnum,
1313 2251 1580 2293 montuosum,
1619 2245 1707 2282 sru-

299 2311 498 2355 ctuosum,
535 2307 691 2345 minime
724 2323 943 2359 amoenum,
984 2323 1072 2347 cum
1106 2310 1266 2360 pileatus
1298 2311 1528 2361 equitarem,
1570 2324 1706 2361 meque

299 2373 522 2423 Coroplates
542 2386 562 2409 a
584 2373 696 2423 longe
716 2377 975 2427 prospiceret,
1003 2377 1083 2414 filio
1103 2377 1277 2414 celeriter
1296 2377 1588 2426 directo„mihi
1603 2390 1708 2414 man-

299 2438 431 2487 davit,
468 2439 526 2476 fas
554 2452 634 2476 non
663 2453 743 2478 esse
768 2443 1007 2494 quempiam,
1036 2442 1104 2479 ubi
1129 2443 1340 2494 Imperator
1366 2449 1482 2492 esset,
1510 2443 1706 2496 pileatum,

301 2505 369 2542 sed
394 2505 630 2543 teristratum
655 2505 845 2545 incedere.
901 2509 972 2544 Cui
994 2509 1191 2557 mulieres,
1219 2509 1396 2559 inquam,
1424 2514 1575 2546 nostrae
1593 2508 1708 2546 tiara-

297 2577 361 2608 tae
390 2576 429 2608 et
456 2571 684 2621 teristratae,
713 2574 790 2610 viri
815 2574 989 2624 equitant
1013 2575 1156 2625 pileati.
1212 2576 1292 2612 Nec
1317 2576 1426 2613 decet
1442 2587 1513 2612 vos
1534 2574 1706 2624 compel-

298 2637 379 2674 lere
404 2637 574 2687 patrium
597 2651 658 2675 me
685 2638 749 2676 hie
770 2647 914 2678 mutare
938 2654 1102 2678 morem:
1133 2655 1220 2678 cum
1244 2647 1391 2678 vestros
1415 2654 1484 2677 nos
1523 2640 1705 2677 adeuntes

300 2698 470 2753 patrium
496 2717 642 2742 morem
668 2711 797 2744 tenere
819 2706 1004 2744 sinamus:
1039 2707 1219 2745 manicati
1248 2706 1369 2755 enim,
1398 2705 1565 2755 fasciati,
1602 2706 1706 2744 fibu-
