1748 3094
278 167 376 215 428
667 175 672 178 “
733 165 782 216 C.
810 173 857 216 Β.
884 169 1040 215 HASII
1065 169 1270 215 NOTAE

277 281 504 318 cautionem
526 280 738 331 scriptam,
769 292 816 316 ne
834 290 1016 329 unquam
1042 274 1274 314 seditionem
1299 273 1494 315 adversus
1513 275 1730 328 Imperato-

264 341 343 374 ''res
370 337 600 374 moliretur.-
631 349 755 388 quam
773 332 903 385 fidem
929 334 998 371 ille
1022 331 1147 371 dedit.
1202 332 1366 370 Interim
1392 332 1582 385 Iosephus
1613 332 1730 370 cubi-

279 393 485 438 culm-im,
515 406 599 444 qua
623 399 709 429 erat
734 391 900 428 solertia
929 397 966 427 et
991 390 1215 435 intellectu,
1242 388 1528 441 rempublicam
1553 387 1731 429 admini-

279 449 461 487 strabat.-
500 451 569 486 cai
601 446 834 485 assidebant
862 445 1042 485 Mchael
1067 446 1214 484 Rector
1236 446 1433 498 Magister
1466 452 1504 484 et
1527 445 1732 498 logotheta

280 519 426 544 cumas·
439 505 614 556 publici,
640 518 734 541 cum
756 504 933 542 Simeone
949 503 1134 540 Patricio
1150 509 1188 539 et
1201 503 1338 554 primo
1360 515 1388 539 a
1407 502 1575 540 seeretis.
1620 501 1732 540 Patet

277 562 394 610 inde,
423 560 692 613 Nicephorum
721 559 768 598 ab
796 560 895 598 urbe
929 558 1098 598 movisse
1119 558 1282 597 ineunte
1307 557 1432 597 Maio:
1467 569 1598 597 mense
1616 556 1731 596 Iunio

274 617 449 659 eiusdem
466 617 560 654 anni
577 619 670 660 963.
689 615 879 668 Iosephus
897 615 1061 666 Bringas
1080 614 1287 666 epistolam
1306 614 1355 653 de
1369 612 1595 666 Nicephoro
1618 612 1733 651 oeci—

274 674 406 714 dendo
429 673 588 725 scripsit
603 673 654 710 ad
671 673 903 710 Tzimiscem
925 672 1182 725 reliquosque
1202 671 1321 709 duces
1333 700 1344 720 ‚
1374 670 1445 722 qui
1461 668 1732 722 Nicephorum

238 732 563 783 CImperatorem
587 729 924 768 renunciaverunt
951 742 985 767 a.
1007 727 1046 765 d.
1072 727 1137 765 Vl.
1156 726 1245 771 Kal,
1268 727 1340 765 [ul.
1394 727 1452 765 De
1474 726 1610 765 eadem
1630 739 1731 778 pro-

272 787 446 828 sectione
459 786 494 824 N
495 785 677 837 icephori
693 786 881 834 adversus
898 785 1112 823 Saracenos
1129 783 1409 822 Constantinus
1423 783 1620 823 Manasses
1634 782 1730 821 Bre-

273 844 374 884 viar.
391 842 494 881 Hist.
515 842 608 884 115.
630 842 674 881 C.
1363 851 1366 853 “

387 897 492 938 Ibid.
521 898 591 936 lin.
622 901 660 939 7.
688 895 896 950 ὖπιωγαῖς]
926 895 1176 935 Vocabulum
1194 895 1272 934 Leo
1295 894 1468 948 arripuit
1485 907 1536 934 ex
1553 894 1729 947 Odyssea

274 956 325 999 V.
341 954 436 998 404.
491 954 554 992 Ibi
572 954 755 992 nonnulli
771 953 971 1004 legebant:

439 1007 502 1051 Οὔ
521 1007 595 1064 γάρ
614 1010 707 1050 ἕσαν
725 1009 877 1062 λιμένες
896 1011 1008 1061 νηῶν
1025 1005 1129 1060 ὄχοι,
1159 1003 1252 1048 οὐδ’
1273 1005 1471 1061 ὖπιωγαί·
1524 1010 1526 1012 ’
1701 1046 1705 1048 .

274 1067 344 1106 ubi
370 1080 479 1105 nunc
506 1067 595 1105 edd.
618 1066 794 1120 ἐπιωγαί.
850 1066 907 1103 De
926 1077 1044 1103 sensu
1063 1063 1174 1104 vocis
1193 1064 1285 1105 vide
1309 1064 1462 1103 Albert.
1484 1062 1536 1102 ad
1553 1059 1727 1114 Hesych-

390 1182 489 1230 Pag.
517 1181 584 1221 36.
613 1179 686 1217 lin.
717 1178 756 1220 4.
785 1175 853 1218 καὶ
870 1172 1121 1230 ἔπερῤιόννυε
1139 1180 1226 1225 ταῖς
1244 1172 1349 1217 καθ’
1368 1174 1521 1230 ἡμέραν
1538 1170 1728 1228 μελέταις]

268 1237 325 1274 Ut
348 1249 429 1273 uno
452 1235 632 1287 exemplo
653 1240 838 1286 appareat
867 1247 986 1285 quam
1008 1232 1218 1284 pueriliter
1237 1232 1542 1284 LeoAgathiam
1562 1231 1614 1269 sit
1634 1231 1731 1268 imi-

267 1298 398 1341 tatus,
428 1305 574 1343 ponam
602 1290 670 1328 hic
700 1291 910 1341 utriusque
936 1289 1076 1327 verba:
1114 1288 1253 1340 Agath.
1278 1290 1346 1332 35.
1370 1290 1424 1327 A:
1462 1284 1665 1337 Ἐξασκεῖν
1685 1301 1729 1354 γε

270 1348 475 1389 ἐπιπλεῖον
500 1344 645 1394 αὐτοῦς
666 1345 816 1387 ἐκέλευε
845 1343 895 1386 τοὶ
917 1344 1107 1396 πολέμια,
1136 1344 1204 1384 καὶ
1225 1341 1475 1396 ἐπεῤῥαίννυε
1497 1341 1570 1385 τὸν
1594 1347 1730 1395 θυμον

235 1408 360 1451 Βταῖς
377 1400 480 1443 καθ’
499 1403 652 1457 ’ἡμέραν
671 1402 860 1453 μελέταις,
889 1398 1088 1454 τροχάζειν
1104 1415 1144 1440 τε
1166 1396 1416 1453 άναγκάζων,
1444 1398 1512 1439 καὶ
1529 1396 1630 1452 ὑπὲρ
1646 1401 1730 1439 τῶν

269 1462 407 1502 ἵππων
429 1460 471 1500 έν
495 1457 630 1515 κόσμῳ
656 1455 978 1498 οἷναπάλλεσθαι·
1009 1457 1049 1504 ἔς
1067 1471 1109 1496 τε
1131 1457 1328 1509 πυρῥίχην
1345 1453 1435 1496 τινά
1458 1450 1641 1496 ἐνόπλιον
1661 1469 1728 1495 πε-

270 1518 534 1569 ριδινεῖσθαι,
563 1515 631 1555 καὶ
660 1518 789 1566 θαμεῖ
811 1517 863 1569 τῇ
886 1509 1071 1565 σάλπιγγι
1097 1513 1438 1564 καταβομβεῖσθαι
1466 1508 1511 1552 τό
1539 1508 1726 1551 ἐνυάλιον

268 1569 470 1627 ἐπηχούσῃ
497 1588 533 1613 κ.
554 1586 586 1611 τ.
609 1575 643 1610 λ.
699 1571 776 1608 Leo
800 1575 867 1613 22-
894 1568 960 1606 Δι’
981 1566 1084 1615 Totis·
1107 1564 1213 1620 ἄμφ’
1236 1566 1379 1608 ἑαυτόν
1400 1563 1555 1619 ἐξήσκει
1580 1565 1629 1606 τὰ
1657 1582 1728 1606 πο-

268 1628 406 1680 λέμια,
434 1627 503 1668 καὶ
526 1626 597 1668 τόν
621 1624 758 1679 θυμόν
786 1626 908 1679 ἕθηγε
922 1654 933 1674 ,
967 1623 1035 1664 καὶ
1065 1621 1312 1677 ἐπεῤῥώννυε
1338 1628 1424 1672 ταῖς
1448 1619 1553 1663 καθ’
1573 1621 1728 1675 ἡμέραν

270 1684 469 1738 μελέταις,
506 1683 574 1724 καὶ
607 1681 681 1734 τήν
713 1678 893 1722 ἐνόπλιον
928 1680 1153 1729 ἐξεπαίδευε
1182 1680 1449 1734 περιδίνησιν,
1489 1676 1605 1730 θαμὰ
1640 1682 1728 1726 ταῖς

270 1739 478 1794 σάλπιγξιν
504 1735 806 1794 ἐγκελευόμενος
833 1738 992 1790 ἐπηχεῐν
1018 1758 1075 1766 -
1106 1732 1177 1788 ἐφ’
1206 1737 1341 1777 ἵππων
1365 1737 1407 1777 τε
1431 1732 1726 1789 ὑπεράλλεσθαι

269 1814 306 1838 κ.
324 1812 357 1837 τ.
379 1801 412 1837 λ.
1702 1799 1705 1802 “

384 1851 486 1892 Ιὸὶιί.
516 1853 587 1891 lin.
617 1855 683 1894 17.
710 1848 881 1902 κατέχων
907 1847 963 1896 ὥς
981 1849 1024 1890 ἐν
1044 1843 1192 1903 δικτύῳ
1215 1844 1393 1900 αἱμάτων
1421 1844 1566 1900 ἄνδρα]
1594 1841 1726 1898 Αἷμά-

270 1925 351 1949 των
376 1907 520 1962 ἅνδρες
546 1908 639 1946 alibi
668 1920 824 1959 quoque
842 1906 909 1949 25.
930 1906 973 1946 Β.
997 1905 1062 1948 65.
1084 1905 1126 1944 C.
1148 1904 1290 1942 Leonis
1314 1909 1443 1942 totum
1463 1903 1598 1943 locum
1622 1904 1724 1953 Scy—

270 1966 382 2003 litzes
411 1965 453 2001 in
475 1964 673 2002 Chronico
699 1977 770 2001 ms.
792 1969 830 2000 et
851 1976 900 2000 ex
922 1962 991 1999 illo
1012 1960 1174 2000 Cedren.
1197 1961 1331 2011 Comp.
1361 1960 1464 1998 Hist.
1491 1959 1542 1996 Π.
1561 1958 1655 2000 646.
1676 1958 1723 1998 D.

271 2021 316 2058 in
339 2034 433 2057 usus
460 2035 551 2058 suos
579 2025 872 2058 converterunt.
930 2017 1134 2065 Quaedam
1163 2015 1395 2054 imitationis
1420 2014 1585 2066 vestigia
1604 2013 1724 2053 habes

268 2077 337 2115 vel
354 2076 460 2128 apud
480 2077 646 2127 Glycam
664 2076 759 2118 305.
780 2076 823 2114 Β.
1728 2103 1738 2113 .

382 2131 483 2170 Ibid.
513 2134 582 2170 lm.
615 2136 680 2175 21.
708 2132 798 2171 τίνα
814 2128 885 2172 τὸν
899 2126 1069 2184 τρόπον]
1097 2128 1267 2181 Mediam
1283 2141 1334 2166 ex
1345 2125 1409 2165 his
1423 2124 1588 2165 vocibus
1604 2123 1722 2163 omit-

268 2194 352 2226 tere
371 2187 571 2226 debuisset
589 2189 688 2237 Leo,
717 2187 797 2225 nisi
818 2188 981 2225 fortasse
997 2186 1175 2237 scripsit,
1203 2185 1292 2224 τίνα
1310 2185 1390 2223 τῶν
1405 2179 1586 2235 τρόπων,
1616 2179 1723 2231 quod

269 2251 403 2282 tamen
428 2257 506 2281 non
538 2244 664 2281 multo
688 2243 884 2281 usitatius.
939 2242 1186 2281 Vocabulum
1212 2235 1357 2293 τρόπος
1381 2251 1496 2290 saepe
1525 2234 1723 2276 confundi

270 2314 364 2338 cum
390 2295 528 2348 τόπος,
564 2299 633 2336 alii
662 2299 742 2336 iam
772 2299 1027 2337 ostenderunt
1057 2296 1244 2348 exemplis
1271 2294 1412 2334 variis:
1450 2293 1593 2345 quibus
1621 2291 1723 2330 adde

269 2357 406 2395 locum
420 2355 599 2393 Theonis
616 2355 659 2392 in
682 2356 970 2406 Progymnasm.
1000 2355 1067 2396 85.
1088 2353 1134 2391 A.
1160 2349 1235 2404 τήν
1256 2350 1388 2404 μέντοι
1406 2347 1518 2398 τάξιν
1536 2351 1616 2389 τῶν
1639 2347 1722 2388 ἐπι-

268 2408 514 2466 χειρημάτων
531 2407 805 2462 ποιησόμεθα,
835 2408 946 2451 καθὰ
974 2410 1043 2449 καὶ
1062 2411 1143 2449 τῶν
1164 2404 1321 2459 τρόπων
1339 2406 1588 2458 έκτιθέμεθα.
1643 2403 1720 2440 Le-

121 2480 160 2513 P,
185 2477 254 2513 207
274 2469 445 2520 gendum
465 2464 614 2515 τόπων,
644 2473 690 2504 ut
710 2473 769 2504 est
791 2467 896 2504 infra
915 2466 1024 2518 apud
1042 2465 1210 2503 eundem
1241 2467 1308 2506 86.
1333 2463 1379 2501 A.
1399 2462 1444 2503 ἐκ
1462 2457 1622 2501 πάντων
1640 2461 1722 2498 τῶν

271 2522 408 2566 τόπων
436 2524 664 2577 ἐπιχειρεῖν·
693 2522 790 2560 item
821 2526 912 2564 117.
934 2523 976 2560 Β.
1000 2521 1206 2573 ἐπιχειρεῖν
1231 2518 1275 2559 δὲ
1296 2520 1361 2560 δεῖ
1382 2518 1422 2567 ἐξ
1452 2512 1508 2557 ὧν
1528 2513 1726 2566 ἐνδέχεταί

271 2578 419 2622 τόπων.
479 2581 626 2618 Contra
656 2581 748 2621 112.
775 2579 820 2615 B.
852 2576 873 2618 ὅ
897 2574 1015 2624 τόπος
1040 2580 1120 2617 τῶν
1147 2573 1277 2628 λόγων
1308 2570 1456 2621 διττός,
1486 2571 1670 2619 emenda,
1699 2568 1722 2611 ὅ

270 2634 430 2689 τρόπος.
488 2634 713 2674 Similitudo
733 2633 934 2684 utriusque
951 2632 1063 2671 vocis
1079 2631 1300 2685 proverbiis
1317 2627 1595 2678 sententiisque
1612 2640 1720 2664 com-

270 2694 454 2746 pluribus
472 2694 604 2744 lpcum
622 2690 752 2729 dedit:
781 2687 852 2737 οὓς
868 2685 1056 2729 συνάπτει
1078 2685 1236 2740 τρόπος,
1256 2686 1323 2727 καὶ
1337 2683 1458 2732 τόπος
1473 2684 1717 2734 συνίστησιν·

277 2748 346 2788 καὶ
368 2746 437 2796 οὓς
459 2748 484 2789 ό
501 2744 648 2801 τρόπος
665 2748 856 2798 διῖστησι,
881 2744 949 2785 καὶ
963 2741 1085 2792 τόπος
1105 2742 1210 2791 ἅπας
1230 2739 1459 2793 ἀφίσταται·
1486 2740 1719 2790 Anonymus

277 2805 367 2844 vita
386 2806 424 2844 S.
443 2804 595 2844 Nicolai
610 2803 788 2843 Studitae
805 2802 898 2846 904.
915 2802 958 2842 Β.
974 2801 1005 2841 F
1007 2801 1161 2841 ormula
1177 2800 1283 2849 item,
1311 2793 1455 2853 τρόπον
1471 2792 1572 2846 τινὰ,
1600 2793 1718 2832 omis-
