1734 3028
318 157 378 202 m
403 157 545 203 mn.
570 156 944 206 DE-vEerA'r.
966 161 1215 209 ammei.
1380 152 1482 220 616

39 256 287 316 ῥανῦρωθαι
312 262 513 302 Constant.
539 264 834 318 Porphyrogen.
855 265 1020 309 Caerim.
1043 266 1140 319 Byz.
1156 266 1187 308 Ι.
1203 270 1298 313 266.
1316 264 1363 311 1).
1384 273 1479 314 267,

36 319 86 359 A.
103 324 146 356 et
161 315 210 359 ni
225 315 457 373 ωρᾶωρτα
482 317 654 374 Eundem
672 321 767 361 ibid.
786 321 817 361 1.
835 325 933 367 279.
958 322 1006 364 D.
1023 322 1080 363 Da
1099 323 1208 378 aquia
1222 329 1380 380 συρτοῖς
1395 327 1483 367 Du«b

28 382 150 426 mg.
177 374 227 412 ad
253 376 431 414 Alexiad.
451 379 546 420 227.
569 377 614 417 C.
1058 400 1062 404 ·
1154 401 1158 404 ²
1255 400 1258 403 ¹

31 454 33 458 ι
149 429 252 469 Ibid.
285 432 356 469 lin.
387 433 452 475 15.
481 430 576 482 τούς
591 431 937 487 παριππαρᾶτους]
963 433 1078 474 Vetti
1095 447 1303 488 agasones,
1327 442 1376 476 ut
1390 439 1482 477 vult

36 484 262 537 Ducangiun
282 488 411 527 Gloss.
437 493 565 532 1121.
580 489 631 527 C:
659 490 728 529 sed
746 491 927 544 suspicor
941 503 1082 530 verum
1096 492 1208 532 vocis
1223 506 1380 533 sensum
1400 508 1483 534 esse

36 544 153 593 equis
177 542 380 592 destituti,
408 545 496 594 vel,
525 547 638 597 equis
666 545 824 584 detritis
851 544 977 602 (quos
1006 545 1140 600 πτωχιὶ
1167 546 1336 602 hadom
1360 556 1482 590 vocat

30 599 242 640 constant.
262 599 506 652 Porphyrog.
526 602 688 643 Caerim.
711 604 804 653 Byz.
825 603 855 641 1.
875 607 969 647 280.
989 600 1048 659 C.)
1064 605 1187 642 vecti.-
1214 611 1263 643 ut
1278 605 1362 644 eiua
1379 619 1481 645 con-

34 655 202 694 trarium
235 656 292 694 ait>
318 653 658 710 καλοΐππαρᾶτος,
699 661 793 701 125.
822 659 868 700 D.
910 661 1002 702 139.
1035 660 1079 702 Β.
1105 658 1419 715 metm?
1447 676 1480 702 ⁸·

33 708 366 765 παραΐκπαρᾶτος
389 713 534 764 legitur
558 713 654 752 item
689 716 781 757 139.
802 715 846 753 Β.
871 715 964 757 147.
979 716 1026 754 A.

145 769 251 820 Peg.
280 771 372 812 198.
401 770 473 808 lin.
502 774 566 813 12.
594 767 643 810 ru?
670 773 853 822 φοῦλκα]
886 773 1070 811 Φοῦλκον
1097 777 1158 810 eat
1189 771 1363 811 militum
1388 773 1480 824 glo-

34 822 130 873 bus,
159 823 203 866 ‘m
231 825 418 864 subsidiis
440 826 594 864 locatus
620 826 670 864 ad
697 827 906 866 tutandum
934 824 976 867 td
1005 824 1228 881 σκόρπισμα
1256 825 1377 882 (131.
1397 827 1478 882 Q),

33 877 112 918 hoc
142 885 202 918 est
223 894 289 919 eos
310 882 379 933 qui
407 881 620 933 diripiendi
636 889 706 921 aut
721 882 954 935 insequendi
976 896 1092 922 causa
1113 884 1251 922 solutis
1270 884 1513 925 ordinibuzn

35 934 276 976 discurrunt.
333 937 402 975 Sic
431 940 524 981 131.
557 938 602 976 D.
637 939 728 982 144.
754 939 801 978 A.
830 938 923 981 149.
945 939 987 977 C.
1005 940 1097 982 152.
1120 940 1165 979 Β.
1186 940 1229 978 C.
1251 942 1343 983 153.
1361 940 1406 979 Δ.
1434 942 1478 979 D.

35 992 130 1034 154.
147 992 193 1032 A.
226 996 319 1036 161.
344 993 388 1033 A.
406 993 450 1034 C.
476 994 678 1033 Interdum
706 995 905 1047 praesidio
930 1001 990 1035 est
1019 995 1206 1034 iumentis
1229 996 1479 1050 pascentibus

36 1050 130 1092 135.
147 1048 194 1087 D.
220 1049 329 1087 Idem
347 1055 515 1089 vocatur
533 1047 691 1102 φυλακή
716 1053 807 1094 148.
827 1052 868 1091 C.

145 1116 252 1167 Pag.
283 1119 375 1160 199.
405 1117 478 1158 lin.
501 1118 541 1160 5.
569 1112 829 1171 ὄχλαγωγίαν]
849 1116 1017 1156 Videtur
1035 1117 1254 1169 significare
1266 1119 1479 1169 fremitum

32 1177 285 1223 castrorum,
318 1178 369 1211 ut
393 1185 492 1212 voce
525 1173 571 1214 Τ.
601 1173 706 1212 Livii
737 1180 829 1213 utar
851 1175 1051 1218 xxm-30.
1087 1174 1231 1214 Confer
1258 1178 1351 1219 129.
1367 1176 1417 1219 D.
1439 1182 1479 1215 et

145 1284 251 1335 Pag.
278 1285 374 1327 200.
403 1284 475 1324 lin.
504 1288 571 1328 21.
600 1283 746 1337 ἔνιχνα]
775 1283 866 1326 Vox
894 1283 1025 1324 adhuc
1051 1297 1179 1337 neque
1205 1284 1251 1323 in
1280 1285 1480 1326 Glossaria

31 1345 213 1391 recepta,
241 1352 368 1390 neque
391 1340 435 1378 in
453 1340 609 1380 Lexica.

56 1451 59 1453 ,
142 1408 249 1458 Pag.
278 1410 373 1450 202.
399 1407 472 1445 lin.
502 1410 542 1450 9.
570 1405 643 1455 οὓς
668 1404 718 1459 δὴ
746 1403 849 1448 σᾶκα
875 1400 1135 1458 ὀνομάζουσι]
1162 1406 1220 1446 De
1246 1420 1347 1446 voco
1375 1405 1480 1449 σᾶκα

34 1461 128 1500 vide
157 1463 404 1513 Ducangium
433 1462 604 1502 Glossar.
625 1463 675 1503 11.
703 1466 823 1506 1319.
844 1463 890 1501 Β.
915 1462 984 1501 ubi
1002 1468 1088 1500 tota
1103 1462 1203 1501 haec
1223 1463 1479 1516 comprehen-

33 1517 108 1559 sio„
125 1523 311 1570 tanquam
338 1532 388 1558 ex
406 1525 564 1558 auctore
585 1533 782 1571 anonymo
803 1518 999 1570 descripta
1019 1525 1089 1559 est.
1142 1519 1203 1557 Ex
1227 1519 1325 1558 locis
1347 1527 1482 1558 autem

26 1573 92 1612 ibi
110 1574 238 1612 allatis
257 1574 479 1626 nostrisque
499 1576 591 1618 146.
610 1576 656 1615 Β.
679 1576 771 1618 147.
792 1575 836 1615 Β.
861 1578 952 1617 166.
976 1575 1018 1612 C.
1040 1575 1086 1614 l).
1106 1574 1308 1625 intelliges,
1329 1576 1387 1614 sic
1406 1589 1479 1615 no·

34 1629 179 1668 minari
200 1636 368 1669 turmam
393 1631 587 1682 equitum,
614 1631 809 1670 exercitus
826 1630 1044 1668 incedentis
1065 1644 1201 1680 agmen
1221 1631 1481 1682 claudentem,

34 1685 92 1723 ita
114 1692 267 1732 tamen,
296 1692 343 1724 ut
370 1692 456 1724 rato
484 1686 693 1725 intervallo
720 1700 742 1724 a
771 1685 987 1724 novissimo
1021 1686 1172 1736 agmine
1193 1687 1307 1727 absit.
1363 1687 1479 1739 Apud

34 1742 260 1781 Continuat.
293 1740 520 1793 Theophan.
545 1745 639 1785 298.
656 1743 701 1780 A.
724 1742 883 1780 videtur
909 1754 991 1779 esse
1009 1755 1150 1792 agmen
1171 1741 1477 1783 subsidiarium.

35 1797 287 1835 contrarium
327 1800 400 1837 τοῦ
440 1795 543 1838 σᾶκα
576 1805 635 1835 est
660 1811 797 1848 agmen
818 1797 1186 1848 antesignanorum,
1219 1813 1243 1835 a
1274 1798 1478 1838 saracenis

35 1852 289 1893 'fanensibus
307 1852 514 1904 veredum,
543 1853 724 1907 βέρεδον,
753 1860 952 1903 vocatum,
981 1855 1074 1896 136.
1093 1853 1135 1894 C.
1158 1858 1198 1890 et
1219 1856 1312 1897 137.
1329 1854 1375 1894 Δ.

146 1919 250 1959 Ibid.
277 1922 349 1960 lin.
382 1924 446 1963 10.
475 1916 692 1971 Μήκοθεν]
721 1920 849 1958 Huius
865 1919 975 1959 vocis
999 1919 1115 1971 paulo
1132 1920 1294 1959 rarioris
1314 1927 1477 1974 antepe-

34 1977 243 2015 nultimam
264 1975 387 2017 codd.
411 1977 538 2014 nostri
566 1982 715 2014 acuunt
730 1976 895 2027 ubique,
925 1982 972 2014 ut
987 1974 1055 2013 hie
1075 1982 1115 2014 et
1132 1979 1222 2018 132.
1245 1976 1292 2015 A.
1316 1980 1407 2021 136.
1426 1978 1472 2016 D.
1491 1983 1533 2018 P.
1554 1984 1624 2020 267

37 2033 134 2075 146.
167 2034 213 2071 A.
242 2034 335 2074 147.
362 2032 407 2070 A.
440 2034 529 2074 149.
552 2032 596 2070 A.
623 2033 715 2075 152.
734 2031 779 2070 A.
810 2035 901 2074 161.
921 2032 966 2072 A.
997 2031 1061 2070 cui
1081 2038 1121 2069 et
1138 2032 1314 2082 analogia
1331 2033 1477 2072 suffra-

35 2089 121 2140 gari
149 2089 309 2127 videtur
331 2089 465 2138 (conf.
501 2089 669 2137 WVagner
696 2088 822 2125 Lehre
843 2101 919 2125 νοη
949 2086 1037 2124 dem
1065 2088 1214 2126 Accent
1243 2092 1333 2132 129·
1350 2088 1422 2140 B.)
1438 2095 1478 2128 et

35 2145 335 2196 patrocinantur
355 2144 476 2182 codd.
496 2144 763 2194 editionesque
781 2145 819 2182 S.
838 2142 1048 2195 Epiphanii
1067 2143 1166 2183 Λᾶν.
1183 2143 1288 2184 haer.
1306 2145 1335 2184 I.
1356 2148 1476 2187 1076.

5 2242 14 2249 ,
36 2199 85 2237 D.
107 2203 226 2242 1106.
239 2201 283 2240 A.
301 2202 339 2241 S.
354 2200 515 2237 Macarii
531 2200 676 2237 Homil.
694 2213 839 2237 xxvm.
854 2200 907 2237 De
924 2199 1131 2238 calamitat.
1148 2200 1297 2238 animae
1317 2201 1411 2243 385.
1428 2200 1475 2237 A.

0 2280 7 2292 .-
38 2254 262 2305 Incertique
277 2257 333 2293 De
351 2256 506 2294 Persica
524 2255 700 2307 captivit.
722 2258 816 2298 329.
834 2255 877 2292 Β.
931 2255 1078 2293 Contra
1093 2255 1351 2307 penultimam
1368 2255 1476 2293 acuit

37 2310 299 2350 schneiderus
332 2312 398 2350 vir
422 2325 592 2350 summus
623 2312 665 2349 in
696 2311 825 2350 Lexic.
852 2310 901 2351 Π.
921 2313 987 2353 73-
1006 2311 1049 2349 C.
1076 2324 1127 2349 ex
1157 2311 1288 2349 fabula
1310 2311 1352 2347 in
1370 2311 1474 2361 Tyr-

0 2374 6 2395 (
37 2365 172 2406 whitti
202 2366 300 2404 Diss.
328 2367 377 2404 de
403 2367 544 2405 Babrio
570 2382 610 2419 p.
643 2371 707 2410 12.
726 2367 938 2417 eodemque
957 2367 1075 2406 modo
1094 2366 1230 2405 scribit
1247 2365 1475 2404 Ammonius

36 2420 95 2460 De
130 2423 196 2460 SS.
231 2422 432 2460 monachis
458 2423 617 2461 Sinaitis
644 2427 734 2466 109.
772 2423 816 2462 C.
875 2424 987 2462 Certe
1013 2422 1243 2462 adverbium
1268 2417 1476 2474 μακρόθεν

0 2470 11 2518 1>t
37 2478 293 2529 paenacuitur
317 2479 384 2517 vel
401 2478 446 2515 in
462 2485 596 2517 nostro
620 2479 715 2518 Cod.
740 2480 830 2521 128.
849 2478 893 2518 D.
917 2481 1007 2521 131.
1026 2479 1068 2517 C·

0 2534 10 2602 [⁵
145 2546 252 2596 Pag-
279 2549 374 2587 213.
404 2546 478 2584 lin.
508 2547 572 2588 15.
602 2546 749 2594 ἵππους
764 2544 929 2599 τραχεῖς]
958 2545 1050 2584 Sive
1065 2544 1199 2598 potius
1221 2545 1361 2593 ταχεῖς.
1402 2540 1476 2579 In-

0 2607 9 2655 ¹]
37 2599 101 2638 fn
127 2613 283 2652 quoque
307 2602 398 2643 147.
417 2601 464 2639 A.
489 2601 640 2649 ἵππους
657 2606 796 2654 ταχεῖς.

0 2666 10 2699 ’ἰ
147 2669 254 2719 Pag.
283 2671 380 2710 216.
412 2668 484 2706 lin.
512 2671 551 2710 4.
579 2665 672 2717 τούς
701 2663 1030 2721 παριππαρᾶτους
1046 2663 1114 2705 καὶ
1140 2658 1476 2715 ἒνταγιστρᾶτους]

0 2719 7 2761 i
34 2719 95 2758 De
114 2721 429 2775 παριππαρᾶτοις
444 2723 528 2761 dixi
547 2727 644 2767 266.
664 2725 708 2764 C.
749 2725 896 2764 Vocem
912 2717 1202 2774 ἑνταγιστράτοι
1216 2717 1382 2770 exponit
1397 2718 1477 2755 Du-

38 2777 199 2828 cangius
229 2779 358 2820 Gloss.
375 2779 425 2820 11.
445 2780 569 2822 1523.
586 2780 632 2818 Β.

0 2986 26 3028 ἓ.
