1748 3094
397 208 476 250 AD
504 204 889 251 NICEPHORUM'
912 205 1166 251 PHOCAM.
1385 200 1480 248 351

58 318 98 352 et
122 312 311 362 liberam,
337 311 519 350 ditiorem
544 311 652 364 ipse,
681 322 726 347 ac
756 308 980 350 liberiorem
1004 310 1175 351 reddat?
1202 310 1278 350 Sed
1303 310 1403 361 hoc,
1419 312 1488 357 ,ait

56 379 223 419 Basilius
245 378 602 427 parakinumenos,
630 377 773 425 faciet,
803 388 892 413 cum
919 377 970 416 ad
984 384 1126 416 nutum
1143 391 1259 417 sunm
1279 379 1419 429 Roma,
1447 385 1488 419 et

57 448 229 485 Romana
256 446 428 487 Ecclesia
456 445 712 483 ordinabitur.
767 443 887 492 Tum,
920 443 1061 496 homo,
1096 444 1281 496 inquam,
1315 446 1486 497 quidam,

55 514 219 552 multam
248 512 297 550 ab
318 512 396 549 alio
418 524 554 563 passus
578 511 784 559 iniuriam,
811 508 874 547 his
895 509 1017 549 Deum
1036 523 1235 562 aggressus
1252 517 1312 551 est
1329 513 1485 551 verbis:

55 580 238 631 Domine,
263 578 423 618 vindica
447 590 507 615 me
536 577 585 615 de
603 576 824 617 adversario
846 588 943 614 meo.
1000 577 1072 616 eui
1090 578 1281 618 Dominus
1290 608 1303 630 ,
1330 579 1485 629 faciam,

55 647 202 699 inquit,
228 648 271 686 in
298 648 360 686 die
388 661 477 686 cum
497 646 658 685 reddam
678 642 892 695 unicuique
915 644 1131 683 secundum
1153 658 1272 697 opera
1296 660 1379 686 sua.
1431 647 1486 686 At

54 714 135 762 illa,
165 714 289 762 Quam
306 714 428 763 tarde,
455 713 557 752 infit.
612 712 723 750 Tunc
741 723 884 760 omnes,
913 718 1068 763 praeter
1081 713 1263 762 fratrem,
1292 713 1525 752 cachinnoB

55 780 243 819 commoti
274 779 599 832 discrepationem
627 776 860 815 dimiserunt
874 806 886 827 ,
915 791 1052 829 meque
1078 778 1120 815 in
1139 778 1305 816 invisam
1325 779 1486 818 domum

0 887 2 890 ,
54 846 189 885 reduci
216 852 516 899 praeceperunt,
545 856 760 895 magnaque
788 844 981 882 custodiri
1000 845 1150 883 cautela
1176 858 1297 897 usque
1320 845 1364 883 in
1384 847 1487 885 San·-

56 919 207 952 ctorum
224 914 498 966 Apostolorum
515 911 701 962 religiosis
724 910 877 948 cunctis
898 912 1087 950 celebrem
1110 911 1225 950 diem.
1280 912 1366 960 Qua
1382 913 1487 951 eele-

53 980 198 1019 britate
217 993 280 1019 me
298 981 391 1020 satis
415 985 635 1030 aegrotum,
663 989 737 1015 nec
760 990 840 1015 non
861 983 900 1015 et
923 978 1176 1028 Bulgarorum
1197 979 1385 1029 nuncios,
1415 979 1484 1031 qui

53 1047 181 1098 pridie
208 1053 418 1096 venerant,
455 1046 505 1084 ad
535 1047 697 1083 Sanetos
734 1044 942 1096 Apostolos
975 1045 1050 1083 sibi
1086 1045 1242 1084 obviare
1273 1046 1484 1098 praecepit.

54 1114 225 1164 Cumque
252 1119 343 1165 post
370 1113 594 1151 naeniarum
620 1111 912 1163 garrulitatem,
949 1117 989 1148 et
1017 1111 1222 1151 Missurum
1250 1112 1483 1151 celebratio-

52 1193 154 1230 nem,
183 1181 232 1218 ad
249 1194 419 1219 mensam
439 1180 714 1227 invitaremur,
743 1178 787 1216 in
808 1177 982 1215 citeriori
1001 1190 1156 1216 mensae
1173 1179 1359 1230 margine,
1387 1193 1486 1231 quae

53 1252 136 1285 erat
152 1247 237 1284 sine
257 1247 463 1285 latitudine
480 1247 616 1297 longa,
644 1245 904 1296 Bulgarorum
925 1244 1136 1293 mamzium,
1163 1246 1359 1296 Ungarico
1375 1260 1484 1286 more
1500 1257 1542 1293 Ρ,
1565 1257 1631 1294 482

54 1320 208 1351 tonsum
221 1342 232 1360 ‚
261 1326 379 1352 aenea
406 1320 540 1351 catena
560 1313 752 1360 cinctum,
782 1317 821 1349 et
838 1315 887 1347 ut
905 1322 1016 1347 mens
1038 1310 1135 1348 mihi
1154 1313 1344 1362 suggerit,
1372 1319 1485 1351 cate-
1507 1304 1581 1339 0⁰¹·
1607 1307 1626 1339 l

0 1389 1 1427 ᾗ
55 1379 309 1429 chumeuum,
337 1379 434 1417 mihi
454 1379 684 1432 praeponit3
712 1377 764 1415 ad
782 1382 951 1415 vestram
975 1376 1113 1428 plane,
1143 1377 1297 1416 Domini
1315 1379 1392 1417 mei
1408 1379 1488 1418 Δυ-

0 1449 1 1501 J
52 1447 173 1498 gusti,
202 1446 490 1485 contumeliam.
546 1446 595 1484 In
612 1444 725 1484 vobis
745 1448 1015 1494 contemptus,
1041 1443 1086 1480 in
1103 1444 1215 1482 vobis
1239 1451 1415 1497 spretus,
1441 1446 1486 1484 in

0 1505 1 1530 3
52 1514 164 1552 vobis
188 1513 375 1551 abiectus.
430 1513 508 1551 Sed
534 1513 675 1563 gratias
705 1525 778 1563 ago
806 1510 973 1548 Domino
999 1509 1086 1547 Iesu
1115 1510 1291 1561 Christo,
1320 1512 1385 1550 cui
1413 1526 1485 1551 vos

0 1582 1 1603 ³
53 1580 208 1618 servitis
225 1579 331 1618 omni
346 1578 489 1631 spiritu
505 1585 637 1617 vestro
649 1607 661 1629 ‚
689 1579 799 1630 quod
816 1577 970 1614 habitus
988 1589 1073 1614 sum
1091 1590 1165 1628 pro
1181 1578 1341 1616 nomine
1353 1585 1484 1618 vestro

0 1669 2 1676 ν
54 1647 195 1698 dignus
215 1646 468 1686 contumelias
490 1646 585 1697 pati.
642 1644 816 1695 Verum,
849 1643 1001 1681 Domini
1022 1644 1118 1693 mei,
1145 1658 1269 1683 meam
1286 1657 1367 1682 non
1391 1658 1485 1683 con-

0 1733 1 1753 ÷
54 1713 246 1762 siderans,
271 1713 341 1751 sed
359 1719 528 1752 vestram
554 1712 757 1762 iniuriam,
786 1723 963 1750 mensam
980 1710 1133 1761 reliqui.
1189 1711 1396 1762 Quumque
1414 1711 1481 1749 in-

54 1779 217 1830 dignam
250 1779 356 1818 abire
388 1779 554 1827 vellem,
591 1780 668 1818 Leo
703 1779 953 1830 Coroplates,
991 1777 1239 1828 Imperatoris
1267 1779 1409 1827 frater,
1445 1784 1484 1816 et

53 1847 178 1885 Proto
206 1859 230 1883 a
259 1845 416 1884 secretis
443 1845 618 1895 Simeon,
654 1859 757 1897 pone
786 1858 849 1883 me
877 1850 1119 1894 sequuntur,
1154 1843 1251 1882 haec
1278 1844 1484 1883 latrantes:

55 1913 152 1950 Cum
185 1911 459 1964 Christophori
485 1912 608 1950 filiam
635 1913 771 1950 Petrus
795 1910 1052 1961 Bulgarorum
1077 1910 1254 1950 vasileus
1281 1911 1483 1962 coniugem

54 1979 235 2028 duceret,
263 1979 502 2031 symphona,
520 1980 564 2017 id
582 1986 640 2019 est
657 1977 911 2026 consonantia
932 1977 1079 2029 scripto
1098 1977 1315 2016 iuramento
1330 1977 1483 2015 firmata

31 2031 165 2093 ςιιιιιιῑ,
203 2051 251 2084 ut
274 2046 448 2085 omnium
472 2048 646 2098 gentium
667 2044 873 2097 apostolis,
910 2043 954 2080 id
984 2049 1042 2082 est
1061 2044 1241 2093 nunciis,
1268 2057 1387 2096 penes
1406 2050 1518 2084 nosB

52 2112 311 2162 Bulgarorum
327 2114 494 2165 apostoli
511 2117 816 2165 praeponantur,
834 2110 1090 2160 honorentur,
1112 2110 1333 2160 diligantur.
1387 2112 1482 2149 Bul-

0 2228 1 2233 1
52 2192 235 2228 garorum
250 2179 320 2218 ille
337 2180 558 2231 apostolus,
588 2191 818 2230 quamquam
831 2206 841 2226 ‚
870 2183 915 2214 ut
930 2177 1047 2226 dicis,
1077 2182 1116 2214 et
1132 2189 1270 2215 verum
1287 2184 1366 2227 est,
1390 2184 1483 2216 ton-

0 2237 1 2240 *
53 2257 120 2281 sus
127 2273 139 2292 ,
158 2244 315 2294 illotus,
342 2251 381 2284 et
399 2252 535 2283 catena
554 2258 670 2283 aenea
689 2244 841 2282 cinctus
860 2243 933 2281 sit:
958 2243 1151 2282 Patricius
1179 2250 1307 2282 tamen
1326 2250 1394 2293 est,
1417 2245 1483 2282 cui

52 2310 288 2361 Episcopum
303 2325 558 2363 praeponere,
576 2312 817 2350 Francorum
832 2310 1077 2361 praesertim,
1096 2311 1204 2348 nefas
1224 2310 1480 2360 decernimus,

52 2375 281 2414 indicamus.
342 2378 392 2415 Et
410 2378 592 2429 quoniam
610 2384 650 2417 te
664 2378 709 2416 id
725 2377 882 2427 indigne
898 2376 1000 2415 ferre
1018 2376 1285 2428 cognoscimus
1296 2407 1308 2427 ,
1336 2390 1418 2415 non
1441 2383 1485 2414 te

53 2455 180 2491 nunc,
211 2448 253 2479 ut
271 2449 391 2493 putas
399 2472 412 2492 ,
440 2444 491 2481 ad
519 2443 731 2496 hospitium
757 2443 885 2482 redire
903 2442 1088 2492 sinimus,
1115 2443 1182 2482 sed
1201 2444 1245 2481 in
1265 2441 1482 2482 diversorio

53 2509 218 2559 quodam
261 2522 358 2547 cum
392 2508 652 2560 Imperatoriis
686 2510 810 2549 servis
851 2509 978 2547 cibum
1013 2514 1166 2560 gustare
1201 2508 1479 2560 compeUimus.

54 2574 205 2620 Quibus
238 2574 288 2612 ob
331 2574 674 2626 incomparabilem
705 2577 836 2616 cordis
873 2576 1048 2615 dolorem
1082 2576 1140 2614 nil
1167 2574 1374 2626 respondi,
1414 2572 1484 2610 sed

54 2653 152 2691 quae
174 2641 394 2692 iusseicant,
421 2641 520 2691 feci;
554 2641 757 2694 indignum
776 2643 952 2683 indicam
980 2655 1150 2682 mensam
1178 2639 1235 2694 1⁹)
1246 2668 1259 2690 ‚
1296 2651 1370 2690 qua
1397 2651 1479 2676 non

99 2771 156 2806 19.
185 2771 374 2817 indigum
394 2770 551 2806 indiam
571 2780 722 2807 mm.
751 2772 852 2809 Gan.
