1760 3034
377 154 439 198 IN
477 155 518 199 T
521 153 808 199 HEonosn
838 155 1144 200 ACROASES.
1194 184 1198 188 -
1385 153 1495 202 533

36 258 216 297 ueritate.
271 259 339 296 Ita
362 260 468 298 enim
490 257 785 296 attendentibus
805 257 923 297 ιαίιίε
945 273 1101 310 parva,
1131 269 1169 300 et
1193 262 1351 300 nullius·
1366 266 1496 314 pretii

37 312 282 351 videbuntur
303 328 371 364 ea,
402 329 506 366 quae
527 329 598 366 ego
625 318 837 353 mentitum
865 329 947 352 esse
970 315 1118 356 dicam.
1175 318 1280 355 Sunt
1302 333 1405 356 emm
1426 335 1493 357 re-

35 382 132 408 vera
157 369 341 407 humana
370 370 600 419 mendacia,
633 379 670 408 et
689 371 805 409 valde
830 371 1060 421 credibilia,
1090 374 1130 410 εἰ
1149 375 1408 423 conferantur
1433 375 1494 415 ad

35 438 105 475 ea,
135 439 240 477 quae
260 425 310 463 de
330 425 418 464 div·
394 440 474 464 cna
500 434 619 478 atque
638 429 830 464 immensa
850 435 1002 465 natura
1019 430 1210 467 mentitus
1228 436 1299 469 est.

0 535 1 546 ἶ
147 492 214 533 24.
245 494 524 560 Πορπυργίους
549 489 712 545 δόμους]
742 493 814 531 His
831 493 959 532 verbis
984 501 1098 533 notat
1111 500 1231 547 poeta
1254 496 1482 546 Homerum,
1505 505 1546 540 Ρ
1568 507 1637 542 378

0 548 1 577 ἶ
34 546 107 597 qui
125 546 284 585 Troiam
306 544 510 600 ευτείχεον,
533 549 624 586 bene
643 557 859 595 muratam,
890 556 928 588 et
949 545 1170 602 εὕδμήτους
1185 548 1375 605 πύργους,
1395 554 1486 592 bene
1508 551 1583 585 0⁰1·
1600 555 1621 589 l

34 601 276 653 aedeficataa·
308 611 440 642 turres
466 607 780 658 frequenterque
813 605 1034 657 dispositas
1064 607 1296 658 habentem,
1333 610 1486 662 saepius

34 657 79 695 in
98 658 223 697 Iliade
242 673 385 698 vocare
403 661 516 700 solet.

142 729 211 768 27.
248 723 508 778 Ψευσμᾶτων]
538 727 740 766 Cornelius
769 727 893 765 edidit
917 724 1176 780 ψευσάντων,
1203 729 1272 768 sed
1300 729 1351 769 ad
1374 744 1485 771 oram

30 779 195 833 paginae
212 782 429 820 mendum·
417 796 460 821 ln
481 796 525 820 ea
545 796 645 821 voce
669 784 794 821 latens
814 784 996 822 advenit.

142 851 211 891 29.
236 842 339 889 ’All'
367 865 398 889 ω
422 853 646 902 στρατηγῶν
675 849 698 891 ὅ
721 847 885 901 κρατήρ]
914 851 1002 888 Non
1018 851 1255 902 ineleganter
1279 853 1482 891 adsimila-—

31 910 100 941 tur
123 903 318 942 Homerus
349 906 511 954 crateri,
550 906 595 943 in
629 919 707 957 quo
738 905 902 944 humilia
930 907 1169 945 Graecorum
1197 909 1351 946 Ducum
1378 911 1484 948 facta

33 972 125 997 cum
146 959 258 998 elatis
287 975 334 998 ac
366 962 547 999 fastuosis
576 962 709 1000 verbis
737 962 956 1000 miscentur
985 969 1024 1000 et
1054 963 1396 1014 adtemperantur,
1435 978 1481 1004 eo

31 1015 171 1064 modo,
201 1029 280 1067 quo
301 1017 344 1054 in
366 1023 516 1055 cratere
536 1017 677 1055 vinum
696 1031 787 1055 cum
813 1032 913 1087 aqua
934 1018 1083 1056 solebat
1097 1019 1319 1070 temperari.
1374 1021 1481 1059 Audi

31 1070 327 1110 Phavorinum:
358 1071 520 1140 Κρατηο
540 1070 680 1120 σκεῦός
699 1089 757 1122 τι,
787 1073 829 1113 ἐν
853 1069 884 1113 ὦ
906 1072 972 1114 τὸν
993 1071 1106 1114 οἶνον
1137 1075 1180 1115 οἱ
1203 1074 1364 1115 παλαιοὶ
1390 1091 1479 1129 κιρ-

30 1130 176 1174 νῶντες
189 1123 318 1177 ὕδατι,
338 1127 379 1177 ἐξ
399 1124 524 1169 αὐτοῦ
542 1128 678 1169 ἔπινον
696 1115 973 1181 λαμβάνοντες.
1011 1130 1150 1167 Crater
1170 1145 1193 1168 ι
1195 1145 1242 1168 as
1257 1130 1466 1182 quoddam

32 1185 77 1220 in
110 1197 189 1234 quo
219 1186 358 1222 vinum
377 1198 468 1222 cum
497 1199 610 1237 aqua
640 1186 802 1236 antiqui
829 1185 1067 1235 miscebant,
1105 1200 1150 1224 ex
1178 1200 1256 1238 quo
1281 1162 1479 1226 sumente}

32 1239 228 1277 bibebant.
934 1260 940 1261 ν
960 1262 986 1270 »-

141 1297 208 1337 32.
233 1293 300 1343 Ὡς
320 1293 433 1348 ζυγος
457 1294 599 1349 γενοῦ]
628 1296 819 1334 Ultimum
838 1295 958 1334 huius
982 1309 1118 1335 versus
1136 1297 1302 1335 verbum
1321 1297 1476 1336 deside-—

29 1357 144 1388 ratur
172 1350 216 1388 in
245 1351 414 1390 editione
442 1352 635 1401 Cornelii,
676 1352 860 1403 quoniam
884 1351 928 1390 in
955 1352 1099 1390 Codice
1128 1365 1173 1390 eo
1198 1352 1279 1390 Ioci
1304 1354 1475 1392 maxime

30 1406 236 1458 absumpto
248 1437 259 1455 ‚
287 1407 359 1445 vix
377 1408 504 1446 ullum
523 1408 605 1446 eius
623 1408 831 1458 vestigium
847 1413 1034 1459 superest.
1090 1408 1170 1445 Nos
1189 1414 1317 1445 tamen
1336 1423 1474 1460 super.

30 1462 189 1500 stitibus
207 1462 351 1502 litteris
371 1463 604 1515 diligenter,
632 1471 676 1502 ut
702 1464 928 1517 potuimus,
961 1463 1170 1516 inspectis,
1200 1467 1384 1516 σταθμοῦ
1408 1478 1472 1503 re-

29 1517 127 1570 poni
140 1531 257 1570 posse
275 1519 514 1559 censuimus.

143 1586 210 1629 46.
239 1589 413 1634 Πολλαῖς
430 1586 599 1638 ταχείαις
616 1583 772 1638 ὁλκάσι]
795 1586 1062 1638 Nicephorum
1082 1586 1204 1623 classe
1224 1585 1318 1624 satis
1335 1599 1474 1636 magna

33 1646 259 1692 comparata
290 1643 503 1680 exercitum
532 1643 683 1680 Cretam
708 1643 938 1692 adduxisse,
966 1655 1059 1679 cum
1081 1642 1167 1679 aliis
1190 1642 1346 1679 Graecis
1368 1642 1473 1680 scri-

30 1697 209 1748 ptoribus
237 1696 477 1736 Theodosius
508 1697 576 1735 hic
605 1705 893 1736 commemorat.
962 1698 1109 1735 Harum
1140 1697 1299 1735 navium
1329 1710 1472 1736 nume-

29 1766 121 1791 rum
139 1753 365 1803 diligentius
385 1753 615 1804 perstringit
631 1754 809 1791 Incertus
833 1753 1092 1791 Continuator
1112 1752 1372 1804 Theophanis,
1403 1767 1471 1791 au-

33 1815 131 1857 ctor,
159 1815 204 1846 ut
222 1808 421 1856 meditur,
448 1822 624 1857 coaevus,
654 1809 695 1846 in
718 1810 879 1846 Romani
900 1809 1068 1876 Iunioris
1082 1808 1163 1846 vita
1183 1822 1292 1846 num.
1314 1811 1364 1848 X.
1385 1823 1470 1859 pag.

29 1867 124 1906 297.
151 1863 261 1902 hisce
279 1863 431 1903 Velbis:
460 1867 552 1914 νῆες
578 1862 654 1916 γοῖρ
672 1863 853 1917 υπῆρχον
873 1862 967 1915 μετὰ
989 1863 1116 1916 ὑγροῦ
1134 1862 1256 1916 πυρὰς
1273 1865 1470 1916 δισχίλιαι,

30 1915 227 1971 δρὸμωνες
243 1920 376 1984 χίλιοι,
407 1917 577 1983 καβὰρια
599 1919 803 1972 καματηρά
830 1918 1002 1972 σιτήσεις
1022 1919 1158 1970 ἔχοντα
1185 1920 1253 1959 καὶ
1279 1917 1380 1960 οπλα
1397 1936 1468 1961 πο·

29 1973 167 2025 temno}
197 1971 402 2026 τριακόσια
422 1973 530 2015 ἑπτά.
590 1977 682 2012 Dm
684 1990 723 2012 es
750 1983 860 2013 erant
889 1978 980 2026 igne
1000 1976 1050 2013 G1
1052 1990 1150 2012 aeco
1171 1977 1389 2013 uwtructae
1407 1976 1469 2013 bie

30 2031 159 2080 mille,
188 2032 332 2068 celoces
357 2032 484 2079 nulle,
511 2032 676 2068 car-abia
698 2034 881 2070 oneraria
901 2045 1082 2068 annona-5·
1109 2045 1301 2083 armaque
1327 2032 1470 2070 bellica

31 2061 283 2124 conve'lzentia
299 2094 440 2137 septem
462 2101 585 2137 supra
606 2095 786 2125 trecenta.
843 2088 979 2124 Pax-em
998 2087 1159 2125 navium
1177 2101 1381 2126 numerum
1401 2101 1469 2126 re-

32 2149 163 2182 censet
192 2143 308 2180 etiam
335 2143 492 2180 Simeon
516 2143 718 2192 Magister,
751 2149 790 2180 et
810 2142 1022 2190 Logotheta
1054 2142 1096 2181 in
1115 2144 1289 2182 Romano
1308 2144 1468 2181 Iuniore

29 2211 138 2236 num.
163 2197 214 2235 11.
241 2211 328 2249 pag.
360 2199 453 2240 498.
482 2200 524 2236 in
558 2212 679 2249 eoque
702 2199 784 2236 solo
807 2198 962 2249 differt,
995 2199 1103 2250 quod
1128 2213 1248 2238 naves
1268 2199 1465 2238 onerarias

29 2266 154 2303 usque
185 2253 235 2290 ad
262 2260 455 2292 trecentas
473 2254 673 2304 sexaginta
695 2261 820 2304 auget.

141 2319 207 2362 51.
223 2317 390 2370 ’Έστησε
414 2318 482 2368 τὰς
502 2317 721 2373 φάλαγγας]
748 2321 960 2374 Nicephori
978 2321 1135 2360 solertia
1161 2335 1207 2359 ac
1237 2320 1379 2373 peritia
1406 2320 1466 2358 rei

29 2375 192 2413 bellicae
211 2374 274 2412 his
302 2376 476 2414 versibus
502 2378 820 2426 commendatur,
851 2378 919 2428 qui
949 2383 1159 2430 postquam
1186 2377 1399 2415 exercitum
1423 2375 1467 2412 in

33 2431 185 2468 Cretam
206 2431 355 2477 eduxit,
377 2431 518 2470 milites
533 2433 742 2470 ordinatim
758 2434 963 2496 disposuit,
977 2447 1022 2471 ac
1038 2433 1080 2470 in
1098 2446 1167 2471 suo
1183 2444 1355 2495 quosque
1377 2431 1465 2467 loco

31 2493 134 2524 stare
146 2486 273 2534 iussit,
292 2500 339 2523 ne
362 2487 461 2524 forte
478 2488 682 2539 inopinato
698 2502 741 2526 ³⁰
721 2502 862 2538 gressi
853 2489 918 2526 ab
930 2489 1117 2541 Agarenis
1130 2487 1466 2539 opprimerentur.

33 2541 142 2592 quod
170 2542 280 2580 laudi
298 2541 413 2580 etiam
432 2542 654 2595 Nicephoro
682 2545 824 2583 tribuit
842 2545 998 2584 Simeon
1017 2545 1213 2611 Magister
1219 2543 1260 2579 in
1293 2543 1466 2579 Romano

31 2597 188 2636 Iuniore
214 2611 324 2635 num.
359 2598 407 2635 ΙΙ.
435 2612 520 2648 pag.
549 2600 642 2642 498.
667 2600 722 2638 ita
751 2601 946 2638 scribens:
973 2597 1142 2650 Ἀπάρας
1163 2613 1238 2638 ουν
1255 2600 1327 2648 τῆς
1351 2598 1468 2660 βασι-

34 2653 142 2700 λίδος
164 2649 438 2704 Νικηφόρος
416 2669 437 2693 o
457 2653 705 2706 Δομεστικος,
732 2656 796 2696 καὶ
816 2654 863 2696 τὰ
889 2653 1046 2724 Φύγελα
1064 2650 1307 2704 καταλαβων,
1327 2647 1469 2705 ἐφρόν-

34 2710 159 2757 τιζεν,
188 2724 296 2755 οπως
314 2707 338 2747 ό
361 2722 517 2760 συμπας
546 2707 676 2758 στόλος
697 2708 804 2765 αυτῷ
813 2711 885 2752 ἐπὶ
902 2727 946 2751 το
973 2707 1067 2750 αυτὸ
1089 2709 1170 2758 εἴη,
1199 2707 1266 2747 καὶ
1290 2720 1470 2759 προσορ-

36 2764 195 2816 μίζοιτο.
263 2765 355 2802 Solu
356 2778 423 2804 ens
454 2767 589 2817 itaque
617 2769 816 2817 Byzantio
845 2766 1092 2818 Nic-ephorus·
1122 2765 1394 2814 Domestica-e,
1434 2769 1471 2800 ee
