1768 3034
305 123 370 170 48
790 130 991 174 LEONIS
1020 130 1257 174 DIACONI

91 246 127 278 A.
148 246 190 278 Μ.
208 243 296 282 6471
310 235 503 293 σάμενος,
541 239 596 286 εἷς
624 239 670 281 τὸ
697 236 1007 294 βασιλικωτερον
1037 236 1180 279 ἑαυτὸν
1205 236 1509 291 μετεσκεύασεν·
1541 239 1666 281 ιππου
1687 255 1732 282 τε

141 293 207 324 Ind'
230 293 254 327 6
306 307 349 362 ἃ)
349 305 505 362 ερώχου
523 310 603 347 τῶν
620 310 768 348 λευκῶν
786 306 946 360 ἐπιβὰς,
984 303 1182 361 φαλάροις
1200 307 1494 360 κεκοσμημένον
1511 310 1734 360 βασιλικοῖς
1764 335 1768 378 J

305 375 370 415 καὶ
394 372 565 427 τάπησιν
597 372 825 429 ἁλουργοῖς,
863 373 931 415 διὰ
947 377 1020 426 τῆς
1043 376 1198 428 χρυσῆς
1219 371 1347 426 πύλης
1367 371 1615 427 εἰσήλαυνεν,
1652 371 1732 415 ὖπό
1766 383 1768 420 ἶ

303 440 452 489 παντὸς
469 445 540 482 τοῦ
558 438 687 493 δήμου
708 442 773 482 καὶ
793 444 874 481 τῶν
892 441 933 480 ἐν
951 440 1049 481 τέλει
1069 437 1333 495 κροτούμενός
1352 456 1393 481 τε
1412 442 1478 481 καὶ
1498 438 1731 496 γεραιρόμε-

302 525 382 556 νος.
423 506 700 561 ἑκκαιδεκάτην
718 506 739 548 ὅ
757 506 998 562 Αὔγουστος
1019 506 1163 560 ἤλαυνε
1182 507 1277 560 μὴν,
1306 508 1368 547 ἐπὶ
1397 511 1469 561 τῆς
1498 508 1612 562 ἕκτης
1631 508 1765 549 &vol-5

301 592 412 626 κτου,
437 575 478 615 ἓν
498 578 554 630 τῷ
567 573 663 631 ‘qvo'
675 574 761 626 ἔτει,
786 573 849 616 ὅτε
862 579 991 616 ταῦτα
1009 572 1236 629 ἐπράττετο.
1274 573 1365 629 ἄρτι
1384 575 1440 626 δὲ,
1453 574 1533 616 ἐπεὶ
1548 574 1650 631 πρὸς
1661 574 1730 616 τὸν

263 646 373 687 Βτοῢ
391 642 504 682 θείου
521 643 759 696 περίπυστον
777 642 899 696 σηκὸν
918 643 1160 697 εἷσεφοι’τησε
1170 674 1183 693 ,
1216 643 1281 682 καὶ
1299 639 1378 683 ὑπὸ
1408 645 1480 683 τοῦ
1497 646 1577 684 τῶν
1597 641 1730 697 ἱερέων

301 706 568 764 πληρώματος
587 709 813 764 ἀξιοχρέους
833 709 951 762 τιμὰς
966 706 1180 757 ὑπεδέξατο
1192 741 1205 760 ,
1228 708 1329 764 πρὸς
1349 713 1420 750 τοῦ
1440 708 1514 762 τὴν
1532 725 1729 764 πατριαρ-

297 778 390 828 χιάν
407 774 619 824 ι’θύνοντος
637 775 896 817 Πολυεύκτου
917 780 972 832 τῷ
988 780 1182 832 βασιλικῷ
1203 774 1420 829 διαὸ“ή,ιιατι
1440 776 1649 831 στέφεται,
1685 773 1730 816 ἓν

300 845 364 883 καὶ
387 843 652 896 πεντηκοστὸν
678 843 765 891 ἔτος
783 848 854 896 τῆς
872 842 1024 897 ἡλικίας
1050 841 1236 885 ἐλαύνων.
1282 842 1355 896 τὴν
1375 844 1419 884 δὲ
1445 843 1555 884 ἰδέαν
1574 841 1730 884 τοιόσδε
1744 847 1768 884 11

299 926 360 957 τις
374 905 424 962 ἦν
438 923 447 931 ·
472 909 566 962 ὄψις
588 910 697 966 αὐτῷ
716 911 815 966 πρὸς
833 910 877 951 τὸ
897 911 1022 963 μέλαν
1043 911 1161 952 πλέον
1182 910 1206 964 ἢ
1229 910 1274 951 τὸ
1286 910 1424 951 λευκὸν
1443 910 1726 962 ἀποκλίνουσα,

301 975 403 1030 κόμη
426 977 469 1017 δὲ
486 981 636 1029 βαθεῖα
658 979 723 1018 καὶ
742 982 867 1031 κυανῆ
882 991 890 999 ·
929 978 1138 1033 ὀφθαλμοὶ
1156 978 1335 1030 μέλανες,
1374 978 1436 1018 ἐπὶ
1458 978 1642 1026 συννοίας
1659 994 1731 1018 πε-

301 1043 578 1098 φροντικότες,
618 1046 794 1093 δασείαις
828 1051 916 1092 ταῖς
947 1043 1116 1100 ὀφρύσιν
1141 1042 1467 1099 ὑποκαθήμενοι·
1513 1043 1575 1100 ῥὶς
1598 1044 1732 1098 μέσως

302 1111 448 1164 ἔχουσα
474 1110 714 1165 λεπτότητος
744 1114 809 1153 καὶ
836 1110 1084 1165 παχύτητος,
1121 1111 1251 1167 ἠρέμα
1271 1112 1612 1166 συμπεραινομένη
1633 1128 1731 1167 γρυ-

175 1185 214 1218 Ρ.
232 1187 278 1221 30
300 1177 463 1231 πότητι·
498 1177 627 1233 ὖπήνη
657 1177 881 1233 σύμμετρος
892 1211 904 1230 ,
944 1179 1088 1234 ἀραιὰν
1110 1179 1220 1235 παρὰ
1250 1179 1322 1228 τὰς
1343 1178 1523 1234 γνάθους
1546 1183 1729 1234 προβαλ-
1741 1185 1768 1220 11

297 1246 443 1298 λομένη
468 1245 539 1298 τὴν
556 1245 697 1287 πολιάν
711 1260 720 1268 ·
758 1245 945 1300 ἅγκυλεὸς
963 1246 1036 1300 τὴν
1054 1244 1210 1299 ἡλικίαν
1225 1247 1291 1286 καὶ
1311 1246 1502 1302 στιβαρὰς
1510 1278 1522 1297 ,
1552 1244 1730 1301 εὐρύτα-

299 1329 368 1360 τος
388 1312 432 1353 τὸ
455 1313 618 1367 στέρνον
637 1331 703 1354 και
731 1313 865 1366 ὤμους
892 1330 945 1360 ως
962 1312 1162 1366 μαλιστα,
1199 1312 1299 1366 τὴν
1297 1314 1366 1354 ιιέν
1370 1331 1428 1355 τοι
1457 1313 1642 1396 ἀνδρείαν
1663 1314 1730 1354 καὶ
1765 1308 1768 1315 ¹

299 1378 438 1435 ῥώμην
457 1397 560 1420 κατα
579 1397 648 1421 τον
658 1384 790 1435 θουλ)
781 1379 959 1432 ούμενον
974 1378 1199 1435 Ἡρακλῆι·
1214 1379 1403 1435 φρονήσει
1421 1381 1465 1422 δὲ
1482 1381 1547 1421 καὶ
1564 1397 1730 1437 σωφρο-

300 1463 400 1502 συνῃ
420 1448 484 1487 καὶ
507 1463 562 1502 τῳ
585 1447 630 1488 τὸ
652 1448 741 1488 δέον
762 1447 1017 1502 ἀνεπισφαλ
987 1463 1041 1494 ως
1061 1445 1379 1502 ἐπιφράσασθαι,
1411 1446 1572 1489 πάντων
1587 1464 1729 1489 κατευ-

298 1515 455 1568 μειέθει
486 1518 565 1554 τῶν
594 1514 686 1554 κατ’
711 1515 855 1554 ἐκείνου
880 1531 952 1554 τιν
973 1514 1144 1568 γενεὰν
1133 1531 1292 1568 χεγενημ
1297 1515 1393 1556 ένων
1420 1515 1589 1570 ανδρῶν.
1637 1508 1768 1558 ται-’ἐ

301 1582 459 1628 νιωθεὶς
487 1597 557 1621 ουν
585 1585 641 1621 τῶ
670 1582 859 1637 βασιλεία)
883 1581 1014 1636 στέφει
1042 1582 1103 1621 ἐπὶ
1133 1598 1206 1634 τιν
1223 1583 1425 1633 βασίλειον
1447 1582 1522 1623 αυλ
1524 1582 1572 1635 ὴν
1589 1581 1726 1634 ἄνεισι,

84 1656 153 1688 Fol.
175 1655 242 1690 285
258 1666 291 1689 v.
304 1647 415 1703 παρὰ
438 1651 508 1688 τοῦ
526 1624 712 1701 πλήθους
729 1649 794 1689 καὶ
814 1652 893 1688 τῶν
913 1649 954 1688 ἒν
971 1648 1068 1688 τέλει
1089 1647 1456 1704 δορυφορούμενος,
1494 1650 1559 1690 καὶ
1580 1649 1630 1703 δὴ
1649 1667 1728 1690 πα-

300 1714 456 1770 ρελθὼν
475 1715 535 1755 ἐπὶ
546 1714 700 1770 θρόνον
721 1713 882 1756 ἐκάθισε
901 1714 971 1755 τὸν
986 1713 1205 1767 βασιλικόν.
1234 1710 1284 1768 ἦν
1305 1711 1376 1758 οὗν
1397 1715 1496 1774 ὅρᾷν
1514 1716 1587 1769 τὴν
1604 1714 1729 1770 τύχην

266 1782 615 1838 Βένωραϊζομένην
627 1784 692 1824 καὶ
702 1782 1008 1837 ἔπιγαννυμένην
1023 1789 1105 1831 τοῖς
1121 1782 1383 1836 τελουμένοις,
1399 1785 1465 1825 καὶ
1482 1781 1614 1825 πάντα
1631 1782 1728 1825 {av-
1762 1774 1768 1780 “

391 1890 445 1926 13
477 1886 584 1932 μέσος
607 1889 680 1923 cod.
775 1891 828 1926 16.
863 1886 1046 1933 οἷγκυλεός.
1092 1889 1151 1922 Sic
1177 1889 1294 1922 codex.
1382 1892 1436 1926 19.
1458 1891 1523 1935 τῷ]
1541 1891 1610 1925 τοῦ
1632 1890 1704 1923 cod.

300 1979 503 2012 maiestatem
519 1977 624 2020 magis
640 1979 842 2022 composuit:
867 1978 992 2011 insesso
1009 1989 1095 2022 equo
1119 1978 1238 2018 alacri,
1262 1978 1424 2019 candido,
1447 1978 1593 2022 phaleris
1621 1979 1730 2024 impe-

300 2023 433 2056 ratoliis
450 2023 638 2074 tapetisque
657 2024 833 2066 purpureis
858 2028 994 2063 ornato,
1027 2034 1088 2067 per
1105 2034 1237 2055 auream
1255 2029 1384 2066 portam
1405 2024 1559 2057 invectus
1585 2028 1654 2064 est3
1686 2024 1729 2057 ab

301 2068 388 2101 omni
406 2068 526 2111 populo
545 2067 862 2112 magistratibusque
876 2080 947 2101 cum
960 2069 1077 2111 plausu
1095 2068 1277 2100 honorifice
1293 2072 1457 2111 receptus.
1496 2069 1640 2111 Augusti
1657 2068 1730 2102 dies

301 2113 447 2146 decimus
468 2117 582 2144 sextus
601 2113 783 2155 agebatur,
806 2114 988 2146 indictione
1013 2116 1125 2152 sexta,
1157 2124 1243 2145 anno
1262 2112 1489 2146 sexmillesimo
1505 2113 1669 2165 quadring
1670 2124 1729 2146 en-

299 2158 415 2191 tesimo
433 2157 703 2209 septuagesimo,
727 2169 799 2190 cum
813 2159 896 2190 haec
910 2161 1116 2202 gererentur.
1162 2156 1304 2198 Deinde,
1327 2157 1384 2190 ubi
1402 2157 1647 2192 celeberrimum
1662 2157 1730 2192 Dei
1767 2187 1768 2190 ,

297 2202 481 2245 templum
471 2213 640 2244 lngressus
655 2214 675 2234 a
693 2203 901 2236 sacerdotum
917 2213 1056 2246 corpore
1075 2202 1206 2234 debitos
1225 2203 1366 2235 honores
1383 2207 1598 2255 susceperat,
1621 2213 1642 2236 a
1659 2202 1729 2236 Po-
1757 2215 1762 2222 “

296 2247 450 2291 lyeucto,
473 2247 686 2289 patriarchae
706 2258 821 2279 munus
837 2248 998 2287 obeunte,
1020 2246 1186 2290 imperiali
1207 2258 1329 2280 corona
1349 2251 1448 2291 caput
1463 2247 1629 2291 cingitur,
1652 2258 1728 2281 cum

297 2303 398 2325 unum
425 2302 527 2334 supra
552 2291 858 2334 quinquagesimum
885 2292 1004 2325 aetatis
1027 2302 1144 2324 annum
1180 2297 1309 2335 ageret.
1365 2292 1486 2336 Specie
1523 2296 1632 2325 autem
1653 2294 1728 2325 erat

299 2336 459 2370 eiusmodi
473 2336 565 2368 fere.
590 2336 693 2368 facies
712 2337 756 2368 ad
773 2337 903 2380 nigrum
914 2338 1019 2380 magis
1036 2347 1135 2380 quam
1152 2336 1195 2369 ad
1213 2336 1387 2370 candidum
1402 2337 1545 2370 colorem
1564 2347 1727 2380 vergens·

299 2393 393 2415 coma
407 2380 578 2433 promissa,
601 2384 695 2413 atra:
717 2381 917 2424 oculinigri,
939 2382 1030 2415 velut
1039 2381 1242 2425 cogitatione
1262 2386 1467 2425 satagentes,
1482 2381 1599 2426 spissis
1608 2392 1732 2434 super·

300 2426 386 2459 ciliis
407 2425 565 2459 subiecti:
588 2436 687 2458 nasus
708 2425 797 2458 inter
824 2426 1019 2459 tenuitatem
1047 2431 1081 2459 et
1108 2426 1360 2459 crassitudinem
1385 2427 1534 2469 medius,
1565 2426 1727 2479 paulatim
1761 2443 1768 2466 5

299 2472 466 2505 transiens
492 2471 526 2503 in
553 2470 790 2503 aduncitatem·
820 2471 927 2503 barba
950 2471 1057 2511 iusta,
1088 2471 1173 2503 raris
1197 2471 1288 2504 circa
1310 2471 1413 2504 malas
1439 2471 1598 2516 proiectis
1615 2471 1726 2504 canis:
1731 2472 1735 2474 ’

300 2522 429 2549 statura
447 2515 589 2548 rotunda
605 2526 644 2547 ac
662 2516 766 2555 firma,
790 2519 908 2559 pectus
927 2520 961 2548 et
978 2515 1103 2548 humeri
1114 2516 1263 2559 apprime
1281 2517 1362 2556 lata,
1385 2516 1439 2550 vis
1455 2528 1494 2549 ac
1510 2516 1613 2549 robur
1631 2516 1727 2550 iuxta
1755 2531 1768 2544 π

300 2562 502 2594 celebratum
527 2559 722 2593 Herculem.
754 2560 932 2603 prudentia
954 2572 1056 2600 vero,
1087 2565 1123 2593 et
1148 2561 1387 2604 temperantia,
1418 2565 1452 2594 et
1476 2559 1727 2612 opportunitate

300 2605 462 2648 singulari
489 2605 714 2646 consiliorum,
737 2604 826 2637 inter
853 2615 963 2638 omnes
981 2606 1174 2649 praestabat
1201 2617 1260 2638 sua
1284 2609 1482 2650 tempestate
1504 2609 1600 2638 natos
1622 2604 1725 2639 viros.

298 2649 353 2680 Ita
370 2650 539 2683 redimitus
560 2649 775 2694 imperatoria
791 2660 913 2682 corona
934 2650 970 2682 in
989 2656 1162 2694 augustum
1190 2650 1348 2694 palatium
1367 2650 1538 2690 ascendit,
1569 2660 1589 2682 a
1604 2660 1646 2693 po
1648 2648 1725 2692 pulo
1751 2665 1768 2682 νε

301 2693 615 2745 magistratibusque
638 2695 805 2739 stipatus,
827 2694 1066 2746 ingressusque
1094 2695 1129 2728 in
1152 2695 1260 2738 regali
1288 2695 1414 2728 assedit
1435 2694 1528 2728 solio.
1583 2661 1727 2727 Licebat
1750 2694 1768 2724 'i

301 2742 379 2770 tunc
394 2738 530 2780 videre,
551 2739 738 2781 fortunam,
759 2739 958 2800 gestientem
975 2746 1076 2784 atque
1102 2740 1322 2773 exsultantem
1340 2739 1394 2773 his
1417 2738 1565 2780 eventis,
1587 2740 1726 2772 cunctas
