1754 2996
295 155 393 205 484
748 163 797 206 C.
824 165 870 207 B.
902 162 1053 206 HASII
1079 163 1280 207 NOTAE

392 266 503 309 Ibid.
534 269 607 308 lin.
639 271 704 312 19.
733 266 830 321 πρὸς
854 265 927 320 τὴν
953 267 1166 322 λεγομένην
1199 263 1451 321 Καλαῖνυμον
1479 267 1624 322 νῆσον]
1662 268 1737 308 Ce-

293 325 438 364 dtenus
453 325 502 363 ΙΙ.
523 327 616 367 678.
636 325 682 362 A.
703 325 747 362 in
769 326 910 362 Proten
930 325 1101 362 insulam
1119 325 1185 365 ait.

408 380 509 419 Ibid.
539 379 625 418 ead.
654 381 727 419 lm.
757 380 1034 432 περιορίζουσι]
1064 381 1174 419 Verti
1194 379 1424 432 deportant.-
1453 393 1547 425 nam
1565 378 1587 422 ὁ
1604 394 1741 433 περιο-

259 434 432 491 (Ξρισμὸς
449 437 660 488 respondet
681 435 948 487 deportationi
970 437 1221 486 Latinorum,
1258 449 1358 488 quae
1375 435 1461 488 ipsa
1483 449 1572 474 cum
1598 436 1646 474 ab
1666 449 1740 474 ex-

297 494 367 532 ilio
387 500 472 531 tum
490 507 510 529 a
527 492 762 543 relegatione
779 492 920 531 diflert.
963 493 1060 531 Vide
1078 493 1309 544 Michaelem
1328 491 1555 530 Attaliatam
1573 493 1739 544 Synops.

297 549 402 588 Iuris
427 549 674 587 Graecorum.
701 548 748 586 ΙΙ.
771 548 809 590 4.
836 549 881 587 D
918 549 1043 587 Multo
1070 549 1262 600 graviter,
1291 553 1335 586 ut
1361 546 1439 585 hoc
1466 546 1577 598 uta'r,
1605 548 1741 598 lapsus

294 612 354 644 est
380 606 574 656 interpres
600 604 790 642 Simeonis
819 604 1100 656 Metaphrastae
1126 605 1216 643 Vita
1244 605 1283 642 S.
1308 603 1516 642 Athanasii
1542 577 1577 642 L'
1606 603 1670 656 clj.
1695 604 1740 642 Β.

293 661 361 702 καὶ
379 663 518 701 τοῦτον
549 659 766 711 [Meletium
786 660 973 713 episcop.]
1001 661 1043 701 οἷ
1066 663 1138 712 τῆς
1165 656 1315 712 Ἀρείου
1347 658 1532 711 αἱρέσεως
1561 660 1740 713 περιορί-

296 719 424 765 ζουσι,
477 710 668 765 reddens,
717 717 834 754 illurn
870 719 990 753 etiam
1024 716 1122 753 lzaer
1124 718 1214 752 eticc'
1247 715 1405 753 Ariani
1442 717 1740 755 circumvenere.

294 771 560 822 Vertendum‚
598 771 868 823 deportatione
898 771 1177 810 damnandam
1206 778 1376 808 curant:
1415 784 1507 808 nam
1538 771 1740 810 Meletium

296 827 528 867 Antiochiae
549 829 772 879 episcopum
796 828 1047 879 deportatum
1072 828 1192 866 fuisse
1217 826 1452 864 instantibus
1482 826 1639 866 Arianis
1667 828 1741 866 di-

294 884 438 923 scimus
455 897 505 921 ex
532 897 727 935 anonymo
756 884 949 936 scriptore
978 885 1088 923 Vitae
1108 885 1147 921 S.
1167 882 1374 922 Athanasii
1404 883 1665 922 cxx11.c.et
1688 896 1740 922 ex

294 939 424 979 Photii
444 939 627 976 Biblioth.
652 939 769 981 1446.
788 940 835 977 A.

405 996 513 1045 Pag·
546 995 639 1036 148.
673 996 745 1034 lin.
778 999 842 1038 13
879 991 1091 1058 ἐτύγχανον
1122 991 1198 1048 γάρ
1237 991 1466 1049 κατακόρως
1495 989 1739 1047 ἆληλιμμὲνα

248 1069 257 1075 -
295 1050 441 1105 χρυσῷ]
484 1050 597 1087 Dicas
622 1051 714 1089 inde
738 1051 968 1089 cinnamum
994 1052 1037 1088 in
1061 1051 1234 1089 Histo1ia
1261 1051 1443 1089 sumsisse
1473 1051 1522 1088 de
1542 1057 1738 1089 armatura

295 1107 454 1144 Ioannis
478 1106 664 1144 Comsseni
687 1109 753 1148 63.
776 1108 821 1145 A.
841 1110 972 1162 χρυσῷ
989 1105 1064 1160 γὰρ
1085 1103 1311 1171 κατακόρως
1334 1103 1526 1158 οἷλήλιπτο
1544 1109 1667 1147 πᾶσα.

409 1160 509 1199 Ibid·
540 1163 611 1200 lin
645 1165 708 1203 18
744 1148 1106 1217 κρεουργήσαντες]
1150 1164 1269 1210 Quod.
1293 1163 1423 1215 ipsum
1453 1162 1623 1201 verbum
1643 1162 1738 1201 inde

296 1224 501 1256 mutuatus
523 1224 583 1255 est
604 1218 702 1255 Cedr
705 1232 800 1256 enus
821 1219 864 1257 in
885 1219 1111 1257 nmatione
1132 1219 1303 1257 eiusdem
1323 1219 1382 1257 rei
1403 1219 1453 1256 ΙΙ.
1479 1220 1574 1261 678.
1595 1219 1638 1256 C.

406 1274 735 1325 Pag-149·lln
765 1275 803 1317 5-
831 1275 898 1315 καὶ
916 1278 989 1315 τοῦ
1018 1289 1097 1314 των
1119 1278 1289 1327 Κρητων
1308 1272 1399 1322 υἷος
1422 1271 1609 1328 οἷρχηγοῦ]
1638 1273 1736 1313 Inde

259 1330 461 1367 Demenda
469 1303 654 1369 ⁰·,Ced1en
680 1330 728 1368 ΙΙ.
755 1334 846 1374 678.
877 1332 922 1369 Ι).
948 1327 1133 1382 Ἀνεμᾶςρ
1166 1330 1190 1370 ό
1210 1334 1289 1370 τῶν
1322 1332 1490 1382 Κρητῶν
1514 1332 1587 1370 τοῦ
1612 1331 1738 1382 βασι-’

293 1386 400 1425 λείου
428 1383 512 1432 υῐὸς
530 1388 767 1438 Κουρουπᾶ·
797 1386 1007 1438 Xylandio
1030 1387 1071 1423 in
1100 1386 1280 1424 versione
1298 1386 1480 1424 similiter
1496 1385 1629 1437 lapso,
1659 1399 1735 1424 nec

294 1441 647 1490 animadvertente,
677 1441 868 1493 βασιλέως
886 1441 1137 1480 scribendum
1158 1455 1250 1479 esse.
1309 1442 1479 1492 Scylitza
1504 1443 1576 1480 ms.
1601 1441 1659 1494 (in
1685 1441 1734 1480 113

293 1504 399 1534 certe
421 1497 543 1537 Codd.
573 1511 669 1547 quos
699 1498 877 1548 inspexi:
906 1512 995 1537 nam
1018 1497 1135 1535 Goari
1156 1497 1393 1549 exemplaria
1417 1497 1605 1535 videntur
1625 1498 1735 1536 aliud

293 1553 391 1603 quid
408 1552 604 1605 habuisse)
625 1553 740 1591 item:
769 1550 956 1604 Ἀναιμᾶς
978 1552 1095 1605 [εἰο],
1124 1551 1145 1593 ὁ
1158 1557 1238 1593 τῶν
1259 1556 1430 1606 Κρητῶν
1449 1556 1523 1593 τοῦ
1543 1552 1734 1605 βασιλέως

290 1606 382 1655 υἱός
408 1611 638 1660 Κουρουπᾶ.
694 1610 903 1660 Sequentia
922 1610 969 1647 de
990 1609 1199 1647 certamine
1227 1607 1414 1659 singulari
1433 1609 1538 1646 inter
1556 1608 1733 1647 Aneman

291 1670 330 1701 et
350 1664 541 1702 Icmorem
570 1678 693 1716 paene
718 1666 769 1704 ad
786 1665 950 1704 verbum
971 1678 1020 1703 ex
1042 1666 1170 1703 Leone
1202 1665 1413 1717 exscripsit
1437 1665 1648 1717 Scylstzes,
1681 1678 1732 1703 ex

290 1720 461 1771 Scylitza
484 1721 694 1761 Cedrenus.

402 1775 504 1813 Ibid.
533 1777 605 1815 lin.
634 1781 700 1819 20.
728 1777 934 1824 πλείστους
958 1779 1037 1817 τῶν
1060 1772 1314 1829 αἰχμαλώτων
1345 1798 1396 1805 -
1425 1772 1730 1827 ἔναποσφοὶξοεν··ι

289 1831 365 1882 τες]
398 1832 515 1882 Apud
535 1833 749 1882 Bulgaros,
779 1834 907 1870 Leone
936 1833 1119 1870 Armenio
1147 1833 1387 1884 imperante,
1416 1832 1559 1869 similia
1577 1845 1730 1877 memo-

288 1893 352 1924 rat
386 1888 578 1926 sacrificia
605 1889 836 1940 Anonymus
872 1889 1028 1928 Narrat.
1060 1887 1347 1940 chronograph.
1378 1894 1470 1940 post
1499 1887 1728 1940 Theophan.

400 1997 501 2037 Ibid.
531 2000 603 2039 lin.
633 2001 698 2044 24.
723 1999 966 2052 Ἑλληνικοῖς
995 1996 1145 2053 ὄργιόις
1170 1997 1361 2052 κατόχους
1385 1995 1515 2049 ὄντας]
1546 1997 1607 2036 Ad
1629 1997 1727 2037 haec

287 2051 434 2090 Russor
439 2068 501 2092 um
529 2070 657 2104 sacra,
687 2056 733 2094 ab
757 2057 945 2107 religione
967 2055 1184 2094 Christiana
1215 2055 1360 2104 aliena,
1390 2054 1584 2106 pertinere
1611 2054 1727 2092 vide-

287 2113 353 2145 tur
375 2103 580 2148 exordium
602 2112 702 2150 illud
729 2112 967 2151 narrationis
986 2126 1058 2149 ms.
1078 2106 1370 2164 οἷνεπιγροῖφου,
1400 2123 1517 2161 quam
1532 2109 1661 2161 reperi
1680 2110 1725 2148 iu

289 2163 432 2202 Codice
457 2167 602 2203 saeculi
631 2168 848 2206 undecimi.
885 2165 950 2208 Ἐν
976 2172 1061 2214 ταῖς
1083 2166 1248 2219 ημέραις
1261 2165 1435 2212 Λέοντος
1458 2165 1525 2206 καὶ
1547 2161 1724 2213 Ἀλεξάν-

288 2219 385 2284 δρου
415 2235 496 2260 των
525 2222 758 2272 βασιλέων’
742 2222 874 2276 α’ρχων
903 2239 961 2271 τις
992 2223 1035 2263 ἐν
1066 2217 1360 2275 Πελοποννήσῳ
1390 2217 1561 2274 η’γόρασε
1576 2222 1721 2291 1παῖδα,

286 2271 458 2327 Σκύθην
471 2279 525 2330 τῷ
543 2277 662 2328 γένει·
692 2294 758 2318 και
779 2283 919 2319 τοῦτον
937 2277 1139 2346 παρέδωκε
1156 2280 1214 2330 τῷ
1230 2276 1476 2331 πρεσβυτέρῳ
1496 2279 1552 2330 τῷ
1573 2277 1721 2345 ἷερυυρ-

284 2333 422 2401 γοῦντι
449 2331 491 2371 ἐν
521 2335 576 2387 τῷ
608 2329 799 2388 εὕκτηρίω
829 2350 898 2374 του
933 2334 1046 2373 οἴκου
1074 2330 1221 2380 αὐτου,
1255 2336 1327 2372 τοῦ
1353 2318 1556 2372 παιδεύειν
1586 2328 1719 2380 αυτὸν,

122 2387 164 2420 P·
196 2385 265 2424 246
287 2385 355 2426 καὶ
383 2374 582 2427 διδάσκειν
604 2404 651 2427 τα
677 2386 895 2441 γράμματα.
950 2388 1018 2436 Ὡς
1044 2387 1086 2428 δὲ
1111 2385 1336 2454 ἐμανθανεν
1358 2387 1383 2428 ό
1407 2393 1521 2437 παῖς,
1550 2387 1617 2427 καὶ
1637 2387 1720 2435 ἐξυ-

283 2442 441 2506 πηρέτει
454 2446 512 2495 τῷ
528 2444 812 2512 πρεσβυτέρῳ’
794 2461 835 2484 εν
853 2449 936 2492 ταῖς
951 2445 1110 2511 χρείαις
1116 2440 1251 2484 αὐτοῦ.
1294 2443 1374 2483 Καὶ
1393 2441 1603 2495 γενόμενον
1619 2442 1720 2482 ἐτων

282 2494 437 2538 δωδεκα
464 2494 667 2565 ἠρώτησεν
695 2497 814 2540 αὐτὸν
841 2516 863 2540 ο
890 2515 1027 2550 κυριος
1059 2496 1202 2548 αὐτοῦ,
1243 2499 1279 2539 εἰ
1300 2498 1530 2551 Χριστιανοί
1556 2498 1656 2537 εἰσιν
1678 2497 1721 2537 οἷ

281 2550 467 2603 Σκύθαι,
507 2550 605 2594 ὅθεν
637 2570 807 2608 ωρμητο.
862 2554 905 2594 Ο
933 2553 975 2594 δὲ
1002 2551 1221 2619 ἀπεκρίθη,
1261 2552 1335 2594 οὔκ
1366 2555 1440 2595 εἰσι
1470 2551 1715 2603 Χριστιανοι,

279 2608 369 2657 καὶ,
400 2625 454 2658 ως
479 2611 644 2662 νομίζω,
672 2610 740 2650 καὶ
769 2608 844 2661 ἐγω
867 2606 1104 2662 αβαπτιστός
1131 2611 1222 2661 εἰμι.
1277 2610 1364 2647 Hoc
1388 2614 1468 2647 est:
1503 2609 1550 2646 In
1575 2607 1717 2645 diebus

276 2665 425 2702 Leonis
454 2673 490 2702 et
520 2665 745 2704 Alexandri
774 2667 899 2717 Impp.
927 2666 1058 2713 (anno
1091 2668 1172 2707 886
1198 2686 1252 2695 -—
1278 2667 1399 2715 911.)
1424 2665 1651 2715 praefecta-s·
1670 2665 1715 2700 in

275 2720 542 2770 Peloponneso
563 2724 655 2759 emit
671 2736 845 2770 servum,
874 2721 1061 2771 qutlzam
1080 2723 1260 2758 natione:
1288 2721 1396 2757 lamo
1413 2719 1588 2756 tradidit
1599 2732 1713 2770 pres-

274 2774 404 2826 hytero
417 2805 430 2825 ,
459 2778 502 2814 in
527 2780 703 2815 oratorio
728 2777 888 2816 aedium
908 2791 1079 2815 suarum
1101 2791 1220 2815 sacra
1235 2777 1438 2828 facienti,
1467 2782 1514 2812 ut
1535 2773 1712 2813 erudiret
