1768 3034
330 154 429 203 224
646 161 723 205 DE
750 160 1141 205 VELITATIONE
1175 161 1412 205 BELLICA

326 266 472 327 χώρῳ,
509 271 574 311 δια
595 286 642 310 το
674 268 972 322 κατεπείγεσθαι
993 271 1082 314 ταῖς
1105 266 1282 316 ἱππικαῖς
1299 266 1433 310 αὗτῶν
1452 265 1643 321 δυνάμεσι
1664 273 1768 318 ἰὀιι’”ς1

325 340 386 386 ,εἷς
405 338 511 378 λείαν
540 333 830 391 ἕκὸραμούσαις
847 332 984 387 τάχιον
1003 331 1216 387 ἕνωθῆναι.
1252 336 1319 375 καὶ
1338 332 1656 392 ὁδοιπορούντων
1678 335 1768 384 αὗ-Ἰ

328 408 410 446 τῶν
437 401 703 458 ἐπιτυγχάνων
732 400 753 443 ὅ
786 400 1034 457 στρατηγὸς,
1070 399 1294 455 προθύμως
1322 403 1377 450 εἷς
1397 402 1479 444 «τὸν
1505 402 1591 444 κατ’
1619 402 1753 444 αὐτῶν

329 470 546 528 ὃρμησάτω
563 468 757 522 πόλεμον,
782 468 922 517 καθὼς
942 469 1008 509 καὶ
1029 469 1117 524 περὶ
1134 472 1207 510 τοῦ
1226 468 1267 509 ἓν
1285 472 1336 524 τῇ
1357 466 1566 527 ὁδοιπορίᾳ
1584 467 1753 525 φωσσά-

327 556 399 581 του
423 536 776 592 διακεχωρισμένου
800 540 873 578 τοῦ
894 533 1067 591 κούρσου
1090 532 1390 591 προειρήκαμεν.
1426 537 1493 577 καὶ
1513 533 1646 578 πάντα
1666 537 1752 577 ἐπι-

328 610 460 660 μελῶς
492 608 701 652 ποιοῦντος
728 607 801 645 τοῦ
833 606 1058 658 στρατηγοῦ
1090 602 1192 644 κατὰ
1227 602 1302 656 τὴν
1331 603 1528 658 προτέραν
1558 601 1752 654 διάταξιν,

329 674 402 727 τὴν
426 676 497 714 τοῦ
521 674 625 714 Θεοῦ
648 670 746 724 ἔχων
762 669 959 724 βοήθειαν
980 671 1045 710 καὶ
1060 674 1133 723 τῆς
1152 667 1266 723 ἁγίας
1286 671 1350 711 καὶ
1374 667 1656 725 παναχράντου
1672 687 1754 723 μη-

327 741 423 796 τρὸς
444 739 568 781 αὐτοῦ
595 737 661 780 καὶ
691 736 912 789 Θεοτόκου,
948 734 1125 791 μεγάλην
1143 738 1210 778 καὶ
1231 734 1437 791 ἀξιόλογον
1457 737 1640 779 δουλείαν
1666 737 1753 778 ἐπι-

325 807 482 850 τελέσει.

287 906 319 939 D
765 912 877 946 ΚΕΦ.
902 908 954 946 ιε’.
1000 909 1091 954 Περὶ
1113 906 1320 954 ἀσφαλείας.

423 988 504 1029 Δεῖ
531 981 601 1028 οὖν
634 985 698 1036 σὲ,
737 979 769 1026 ὦ
795 984 1013 1039 στρατηγέ,
1050 987 1185 1025 πᾶσαν
1218 980 1438 1039 ἀσφάλειαν
1471 981 1537 1023 καὶ
1569 980 1752 1038 φυλακὴν

323 1053 440 1107 ἔχειν,
479 1058 549 1095 τοῦ
569 1052 625 1106 μὴ
648 1050 930 1107 αἰφνιὸιασμὸν
952 1049 1175 1104 ὑποστῆναι
1186 1083 1199 1101 ,
1237 1052 1303 1092 καὶ
1328 1047 1535 1103 ἀδοκήτως
1562 1048 1659 1096 τοὺς
1676 1065 1752 1090 πο-

324 1123 481 1173 λεμίους
503 1120 605 1161 κατὰ
629 1123 702 1160 σοῦ
721 1119 793 1172 τὴν
815 1117 961 1173 ἔφοδον
983 1116 1247 1172 ἐργάσασθαι.
1289 1117 1385 1166 ἕξεις
1403 1115 1536 1168 δὲτὴν
1573 1115 1756 1171 φυλακὴν

324 1191 389 1229 καὶ
415 1186 660 1243 ἀσφάλειαν,
700 1185 773 1240 εἶ’γε
806 1184 909 1225 καθ’
940 1182 1110 1237 ἑκάστην
1134 1182 1285 1239 ἧμέραν
1311 1183 1621 1224 ἀποστέλλονται
1644 1182 1756 1238 παρὰ

325 1260 398 1296 σοῦ
422 1255 459 1296 οἳ
482 1255 703 1309 ὀφείλοντες
721 1251 960 1307 παραμένειν
981 1256 1038 1308 τῷ
1064 1255 1143 1292 τῶν
1166 1252 1363 1304 πολεμίων
1386 1247 1590 1305 φωσσάτῳ
1601 1281 1616 1301 ,
1653 1249 1694 1289 ἓν
1722 1242 1755 1305 ᾧ

322 1320 432 1378 τόπῳ
459 1322 696 1371 αὐλίζονται.
752 1320 907 1359 ἐκείνων
939 1318 1015 1373 γὰρ
1047 1318 1113 1358 διὰ
1139 1319 1317 1371 σπουδῆς
1337 1316 1557 1369 τιθεμένων
1577 1317 1643 1356 καὶ
1672 1319 1754 1356 πᾶ-

175 1389 217 1422 Ρ·
242 1386 305 1423 145
330 1404 405 1430 σαν
427 1388 610 1442 μηχανὴν
630 1386 1010 1439 καταβαλλομένων,
1048 1382 1254 1438 ἀδοκήτως
1273 1399 1336 1425 σοι
1359 1385 1530 1436 ἐντυχεῖν
1537 1414 1552 1434 ,
1589 1386 1662 1423 τοῦ
1679 1399 1755 1428 κα-

322 1455 630 1509 ταγωνίσασθαί
653 1468 718 1503 σε,
757 1454 810 1500 εἷς
830 1449 991 1504 βλάβην
1018 1451 1091 1503 μὲν
1117 1452 1182 1491 καὶ
1216 1448 1412 1492 ἀπώλειαν
1441 1452 1512 1490 τοῦ
1528 1446 1755 1504 χριστωνύ-

322 1540 401 1576 μου
424 1526 551 1572 λαοῦ,
589 1522 655 1561 καὶ
681 1519 844 1567 ἀδοξίαν
869 1522 949 1558 τῶν
975 1515 1275 1572 κραταιοτάτων
1291 1515 1496 1569 Ῥωμαίων
1507 1528 1518 1541 ··
1555 1517 1608 1564 εἷς
1629 1514 1754 1571 ἔπαρ-

323 1605 385 1631 σιν
412 1590 454 1630 ὁ“ε“
477 1590 542 1629 καὶ
569 1588 773 1642 γαυρίαμα
802 1589 882 1626 τῶν
905 1583 1107 1640 ἀλαζόνων
1128 1589 1200 1638 τῆς
1211 1583 1335 1639 Ἅγαρ
1361 1584 1458 1624 υἱῶν
1483 1582 1549 1623 καὶ
1569 1581 1752 1637 ἄρνητῶν

110 1658 177 1690 F01·
196 1657 263 1692 392
283 1668 314 1691 V-
324 1659 506 1712 Χριστοῦ
528 1659 601 1696 τοῦ
626 1657 731 1696 Θεοῦ
754 1651 867 1706 ἡμῶν
881 1665 890 1674 ·
918 1652 1126 1704 συμβαίνει
1147 1651 1222 1706 γὰρ
1242 1653 1539 1704 κατασχεθῆναι
1561 1648 1652 1704 παρ’
1674 1648 1768 1689 αὗ-Σ

322 1730 405 1772 τοῖς
428 1720 635 1775 δεσμώτας
656 1725 735 1761 τῶν
760 1718 984 1774 ἡμετέρων,
1021 1716 1046 1771 ἢ
1071 1719 1137 1758 καὶ
1166 1716 1415 1770 αὐτομόλους
1439 1715 1650 1770 γενέσθαι,
1687 1716 1755 1756 καὶ

322 1790 414 1847 παρ’
441 1790 572 1832 αὐτῶν
602 1792 774 1840 μαθεῖν,
811 1788 852 1828 ἐν
881 1785 982 1842 ποίῳ
1012 1782 1123 1843 τόπῳ
1152 1784 1303 1841 αὐλίζῃ.
1353 1783 1403 1825 ἵν’
1431 1777 1503 1825 οὖν
1529 1781 1587 1836 μὴ
1611 1781 1753 1830 νυκτὸς

415 1897 449 1931 5.
476 1892 646 1938 κούρσου.
678 1891 756 1926 vid.
779 1902 882 1936 supra
900 1891 975 1926 132.
998 1890 1040 1924 Β.

326 1985 554 2030 properabunt
583 1994 655 2017 cum
682 1981 894 2025 equestribus
918 1980 1023 2024 copiis
1044 1978 1239 2024 praedatum
1260 1978 1406 2023 egressis
1422 1977 1564 2013 celerius
1583 1978 1751 2022 coniungi.

326 2032 380 2064 Ita
397 2030 426 2062 si
442 2029 514 2061 illos
531 2028 597 2061 iter
614 2027 775 2060 facientes
795 2026 1015 2070 deprehendit
1032 2025 1110 2064 dux,
1134 2024 1287 2057 alacriter
1303 2023 1345 2057 ad
1363 2035 1491 2057 manum
1513 2024 1750 2058 conserendam

329 2087 367 2107 se
383 2075 538 2113 invehat,
560 2074 646 2106 sicut
661 2072 696 2104 in
715 2071 826 2114 capite
843 2073 885 2104 de
901 2070 1020 2104 itinere
1038 2068 1216 2108 exercitus,
1241 2069 1372 2111 quando
1389 2079 1411 2101 a
1425 2068 1679 2112 praedatoribus
1696 2080 1751 2101 se-

327 2120 474 2152 iunctum
501 2122 571 2158 est,
595 2115 879 2161 praescripsimus.
925 2115 1020 2155 Quae
1049 2114 1078 2148 si
1106 2113 1213 2146 omnia
1233 2112 1411 2156 diligenter
1434 2113 1502 2145 dux
1524 2112 1632 2156 egerit
1653 2112 1750 2146 modo

327 2170 407 2197 ante
432 2163 539 2202 dicto,
564 2161 720 2195 auxilium
749 2161 875 2193 habens
900 2171 943 2192 ex
957 2159 1029 2192 Deo
1058 2161 1237 2200 sanctaque
1262 2161 1299 2190 et
1321 2156 1528 2192 immundata
1547 2162 1656 2192 matre
1675 2157 1750 2191 eius

327 2208 494 2253 Deipara,
513 2217 668 2250 magnum
691 2217 730 2240 ac
746 2204 957 2238 memorabile
981 2202 1110 2237 facinus
1135 2201 1271 2235 efficiet.

819 2297 899 2328 CAP.
920 2294 990 2326 XV.
1035 2294 1082 2326 De
1104 2293 1258 2325 cautione.

415 2362 634 2406 Quapropter
658 2363 714 2401 te,
738 2371 756 2393 ο
776 2359 864 2400 dux,
887 2361 1020 2404 oportet
1047 2357 1255 2400 vigilantiam
1279 2356 1529 2401 cautionemque
1543 2367 1669 2390 omnem
1686 2355 1748 2389 ad-

328 2408 463 2447 hibere,
486 2418 528 2439 ne
545 2405 686 2438 subitam
703 2405 769 2437 vim
787 2405 936 2448 patiare,
960 2414 1046 2437 neve
1065 2402 1107 2435 de
1124 2402 1301 2446 improviso
1318 2402 1354 2436 in
1368 2406 1404 2435 te
1422 2403 1536 2436 hostes
1556 2401 1749 2445 impressio-

329 2465 403 2487 nem
434 2451 570 2485 faciant.
616 2450 744 2483 Tutum
771 2454 880 2482 autem
905 2453 1094 2492 tectumque
1119 2451 1154 2480 te
1177 2447 1386 2490 praestabis,
1413 2447 1444 2480 si
1469 2445 1608 2489 singulis
1630 2444 1748 2478 «liebus

329 2498 502 2531 mittuntur
529 2507 550 2529 a
565 2499 600 2528 te
625 2495 683 2539 qui
706 2495 884 2527 exercitum
903 2493 1045 2526 hostium
1069 2492 1304 2535 speculentur,
1325 2502 1366 2524 eo
1386 2491 1459 2525 loeo
1476 2490 1534 2524 ubi
1547 2487 1748 2524 consederit.

328 2540 545 2585 Diligentiam
566 2540 651 2574 enim
671 2539 831 2571 adhibent
852 2548 1043 2581 omnemque
1060 2537 1221 2569 rationem
1239 2537 1375 2576 ineunt,
1397 2533 1663 2580 quemadmodum
1681 2544 1748 2566 nec

329 2587 466 2631 opinato
481 2585 546 2619 tibi
566 2583 822 2628 superveniant,
845 2587 947 2626 teque
962 2581 1150 2626 opprimant
1161 2605 1171 2621 ‚
1195 2581 1238 2614 ad
1261 2581 1478 2614 calamitatem
1494 2582 1530 2612 et
1544 2577 1747 2611 internecio-

329 2643 403 2665 nem
428 2630 545 2675 populi
569 2627 757 2667 christiani,
789 2626 999 2670 ignominiam
1026 2625 1286 2669 bellipotentium
1306 2625 1544 2663 Romanorum,
1572 2622 1748 2656 elationem

328 2681 441 2708 autem
462 2680 562 2718 atque
584 2672 794 2707 iactationem
820 2671 1044 2714 arrogantium
1069 2671 1210 2704 filiorum
1237 2672 1348 2714 Agar,
1379 2668 1596 2702 inficiator-um
1621 2665 1748 2700 Christi

330 2720 397 2753 Dei
412 2720 534 2753 nostri:
558 2719 680 2752 etenim
695 2727 756 2750 usu
770 2716 879 2755 venit,
903 2721 940 2748 ut
957 2716 1090 2760 quidam
1107 2715 1150 2748 de
1163 2715 1286 2748 nostris
1301 2712 1426 2758 captivi
1440 2712 1541 2752 fiant,
1565 2714 1623 2744 aut
1636 2715 1749 2743 nans-

330 2764 474 2809 fugbnt,
489 2763 578 2799 unde
595 2763 787 2806 doceantur,
803 2771 869 2806 quo
884 2760 955 2795 loco
971 2760 1102 2795 tendas.
1137 2759 1244 2804 Igitur
1259 2770 1302 2794 ne
1316 2761 1417 2793 noctu
1434 2759 1578 2792 assumto
1593 2755 1747 2801 equitatu
