1768 3034
307 148 336 194 4
784 149 985 196 LEONIS
1014 150 1251 194 DIACONI

274 272 388 305 Βτων
411 261 600 304 κυλίνδειν
631 259 793 312 εἶ’ωθεν,
831 258 857 314 ἦ
885 259 1112 316 προαίρεσις
1138 259 1182 301 δὲ
1197 255 1373 313 μάλιστα
1391 262 1472 302 τῶν
1490 256 1737 315 κεχρημένων

308 337 392 378 τοῖς
413 327 638 385 πράγμασι,
675 324 748 376 τὰς
773 328 845 380 μὲν
873 325 1123 378 ἀσπάζεσθαι
1145 329 1212 368 καὶ
1234 329 1375 381 ζηλοῦν
1396 333 1481 375 τοῖς
1503 324 1737 382 ἀνθρώποις
1764 374 1768 380 1

309 402 540 450 νομοθετεῖ,
579 395 652 444 τὰς
673 396 717 436 δὲ
735 395 1125 447 ἀποδιοπομπεῖσθαι
1154 396 1219 435 καὶ
1247 394 1565 450 ἅποτρέπεσθαι’
1602 391 1656 441 ὥς
1675 392 1734 447 μὴ

309 463 490 506 λάθωσιν
516 460 749 515 ἀβουλήτως
777 461 828 502 τὰ
857 462 930 513 μὲν
953 459 1174 517 ὀνησιφόρα
1206 464 1271 503 καὶ
1297 460 1429 518 λῴονα
1450 459 1731 517 προηκάμενοι,

202 539 240 572 Ρ.
265 539 288 573 2
310 538 394 579 τοῖς
421 531 463 571 δὲ
484 529 732 576 ἀπευκταιόις
757 530 821 568 καὶ
844 533 1058 583 βλαβεροῖς
1085 527 1252 578 ἑαυτοὺς
1281 529 1582 585 περιπείραντες.
1652 527 1768 568 {nelli

309 594 379 639 οὖν
397 598 591 644 λυσιτελὲς
613 594 637 649 ἦ
658 596 812 650 ἱστορία
830 595 931 648 μετὰ
957 600 1037 637 τῶν
1066 595 1196 637 ἄλλων
1213 600 1423 652 βιωφελῶν
1446 600 1587 651 χρῆμα
1614 598 1735 636 τελεῖν

311 663 582 718 ὡμολόγηται,
622 662 689 703 ἅτε
720 663 771 703 τὰ
795 662 929 716 θνητὰ
959 661 1219 715 ἅναβιώσκειν
1246 662 1272 717 ἢ
1299 661 1535 716 ἀνηβάσκειν
1562 678 1735 718 παρεχο-

308 731 405 785 μένη
418 763 430 782 ,
469 732 533 771 ’καὶ
556 730 612 783 μὴ
633 731 739 770 ε’ῶσα
760 736 843 778 τοῖς
863 734 934 783 τῆς
952 728 1085 783 λήθης
1102 734 1251 783 βυθοῖς
1272 728 1584 785 παρασύρεσθαί
1606 746 1647 771 τε
1669 730 1736 770 καὶ
1761 748 1763 751 ’

309 796 677 852 συγκαλύπτεσθαι·
698 797 764 837 διὰ
785 801 935 847 ταῦτα,
960 801 1117 838 πολλῶν
1130 798 1171 838 ἓν
1188 802 1245 854 τῷ
1265 797 1349 839 κατ’
1375 798 1444 850 ἐμὲ
1465 795 1600 853 χρόνῳ
1628 813 1734 852 πρα-

308 863 470 919 γμάτων
493 865 672 913 ἐξαισίων
696 865 760 904 καὶ
784 862 1009 905 ἀλλοκότων
1035 863 1427 918 καινοτομηθέντων,
1466 866 1531 905 καὶ
1548 867 1734 919 φοβερῶν
1745 869 1768 903 κ

308 931 401 972 κατ’
422 931 592 986 οὐρανὸν
610 929 804 983 δειμάτων
827 931 1116 987 ἐπιφανέντων,
1143 933 1208 972 καὶ
1229 936 1401 984 σεισμῶν
1423 931 1600 972 ἀπίστων
1622 948 1731 985 κινη-

308 998 486 1049 θέντων,
526 1001 711 1051 σκηπτῶν
731 1015 772 1038 τε
791 998 1127 1051 κατενεχθέντων,
1166 1001 1231 1039 καὶ
1253 997 1379 1040 ὗετῶν
1398 997 1560 1053 λάβρων
1580 999 1732 1054 καταρ-

308 1065 528 1120 ῥαγέντων,
567 1065 748 1116 πολέμων
769 1081 810 1106 τε
831 1065 1128 1121 συρραγέντων,
1166 1067 1232 1107 καὶ
1251 1063 1560 1122 στρατευμάτων
1580 1068 1730 1107 πολλα-

304 1136 382 1185 χοῢ
403 1137 474 1185 τῆς
502 1131 732 1185 οἴκουμένης
760 1131 1082 1187 ἐπιδραμόντων,
1121 1134 1187 1173 καὶ
1218 1131 1371 1174 πόλεων
1399 1134 1464 1174 καὶ
1488 1130 1634 1188 χώρων
1658 1149 1731 1185 με-

271 1197 593 1240 Βταναστάντων
603 1231 615 1250 ,
656 1197 709 1246 ὡς
731 1202 893 1247 πολλοῖς
914 1201 1064 1250 δοκεῖν,
1103 1199 1312 1242 ἇλλοῖωσιν
1334 1199 1424 1255 ἄρτι
1453 1199 1524 1240 τὸν
1543 1201 1634 1252 βίον
1655 1203 1729 1240 λα-
1742 1203 1768 1238 1:

305 1271 411 1319 βεῖν,
446 1267 510 1306 καὶ
531 1266 603 1318 τὴν
623 1266 956 1320 προσδοκωμένην
977 1266 1163 1321 δευτέραν
1191 1266 1413 1320 κατάβασιν
1438 1270 1511 1308 τοῦ
1539 1270 1731 1322 Σωτῆρος

305 1334 371 1373 καὶ
392 1335 496 1374 Θεοῦ
517 1333 578 1372 ἐπὶ
595 1330 744 1387 θύραις
764 1333 939 1386 ἐγγίζειν
975 1332 1088 1381 ἔδοξέ
1096 1350 1166 1385 μοι
1175 1365 1189 1384 ,
1226 1333 1283 1387 μὴ
1306 1332 1412 1375 οὕτω
1439 1334 1584 1389 φρίκης
1601 1333 1729 1387 μεστὰ

303 1401 370 1440 καὶ
387 1397 601 1452 θαύματος
619 1398 708 1447 ἄξια
730 1398 944 1453 πράγματα
961 1403 1049 1454 σιγῇ
1069 1402 1367 1455 παραδραμεῖν,
1405 1400 1499 1441 ἀλλ’
1523 1403 1577 1449 εἷς
1602 1400 1729 1454 τοῦμ-

304 1467 426 1520 φανὲς
457 1466 644 1515 ἀνειπεῖν,
683 1463 737 1512 ὥς
760 1463 856 1506 εἶναι
884 1467 1083 1518 παίδευμα
1111 1469 1176 1507 καὶ
1202 1475 1285 1515 τοῖς
1310 1466 1499 1524 ὕστερον·
1535 1468 1576 1509 εἴ
1599 1485 1640 1522 γε
1668 1468 1726 1521 μὴ

305 1533 539 1586 δεδογμένον
558 1531 615 1585 εἴη
643 1535 693 1586 τῇ
719 1534 907 1590 προνοίᾳ,
946 1532 1089 1574 αὐτίκα
1114 1535 1179 1574 καὶ
1207 1532 1439 1583 καταπόδας
1467 1533 1515 1576 ‘td
1539 1534 1768 1587 βιωτικόνΞΙ

303 1603 525 1654 πορθμεῖον
544 1599 585 1640 ἒν
605 1602 662 1655 τῷ
680 1603 753 1651 τῆς
773 1600 994 1647 συντελείας
1013 1598 1123 1657 ὅρμῳ
1143 1601 1406 1654 ἓλλιμενίζειν,
1444 1603 1509 1642 καὶ
1527 1602 1573 1643 τὸ
1591 1606 1727 1655 σχῆμα

302 1670 374 1706 τοῦ
408 1665 561 1718 κόσμου
591 1672 843 1721 παραγαγεῖν.
906 1665 1010 1708 ἀλλά
1037 1684 1109 1721 μοι
1133 1667 1194 1722 ἐἴη
1216 1669 1286 1710 τὸν
1311 1667 1410 1725 ὑπὲρ
1442 1669 1511 1722 ἐμὲ
1531 1673 1726 1711 τοσοῦτον

392 1796 423 1828 1.
445 1791 617 1837 μάλλιστα
630 1795 704 1829 τῶν
717 1794 929 1840 κεχριμένων
943 1795 1016 1830 cod.
1088 1796 1142 1831 15.
1164 1798 1290 1832 Confer
1304 1788 1393 1831 infra
1410 1796 1485 1833 104.
1502 1798 1546 1832 D.
1568 1797 1622 1832 ed.
1644 1798 1724 1833 Par.

390 1841 445 1872 18.
469 1841 520 1878 εἰς
537 1841 605 1873 τοῦ
621 1839 733 1883 φανές
755 1841 829 1874 cod.
905 1843 961 1875 21.
985 1840 1050 1886 τῷ]
1067 1845 1145 1882 τοῖς
1161 1844 1235 1876 cod.
1308 1845 1365 1879 21.
1388 1842 1613 1888 ἐλλιμενίσειν
1634 1843 1722 1884 cod„

388 1883 448 1916 sed
467 1884 574 1925 infra,
597 1883 630 1919 4.
650 1886 703 1926 C.,
725 1885 947 1931 ἑνλιμενίζειν
963 1885 1049 1930 (εἰσ)
1071 1888 1326 1924 διεκελεύσατο.

300 1991 390 2036 poris
418 2005 592 2038 rerumque
618 1995 708 2028 ferre
733 1995 857 2036 soleat,
889 1999 958 2029 tum
977 1997 1116 2031 maxime
1133 1998 1280 2031 virorum
1302 1997 1339 2031 in
1355 1998 1501 2041 negotiis
1520 1998 1722 2032 versantium

299 2037 452 2070 voluntas
464 2065 472 2080 ‚
496 2039 594 2072 docet
612 2039 778 2081 homines,
802 2047 840 2074 ut
855 2041 1106 2085 apprehendant
1131 2049 1167 2076 et
1184 2047 1356 2076 sectentur
1373 2044 1458 2083 alia,
1482 2043 1548 2076 alia
1566 2043 1722 2076 reficiant

299 2094 319 2115 a
338 2094 410 2115 sese
428 2086 462 2115 et
482 2089 719 2127 aspernentur:
742 2097 849 2129 neque
866 2091 1004 2130 propter
1023 2086 1250 2127 inscientiam3
1272 2088 1435 2131 neglectis
1451 2088 1635 2131 inconsulte
1653 2088 1721 2120 uti—

298 2127 384 2160 libus
412 2139 452 2160 ac
477 2129 784 2171 praestabilioribus
807 2131 926 2171 rebus,
950 2131 1142 2164 aversandis
1160 2144 1197 2165 se
1222 2137 1256 2165 et
1274 2133 1380 2166 noxiis
1396 2133 1575 2176 implicent.
1625 2132 1721 2172 Qua-

296 2177 448 2216 propter,
471 2184 544 2206 cum
558 2174 592 2206 in
611 2175 761 2207 confesso
778 2175 834 2215 sit,
857 2176 1060 2208 fructuosum
1072 2177 1226 2219 quiddam
1246 2189 1318 2210 esse
1333 2177 1421 2210 inter
1431 2177 1497 2210 alia
1512 2178 1605 2211 vitae
1620 2188 1720 2221 prae-

297 2217 386 2250 sidia
407 2217 595 2258 historiam,
618 2219 818 2264 eandemque
842 2221 943 2253 rebus
966 2221 1160 2254 mortalibus
1187 2222 1289 2255 vitam
1319 2226 1377 2255 aut
1396 2222 1602 2255 iuventutem
1617 2222 1718 2261 resti-—

296 2266 410 2303 tuere,
433 2273 542 2306 neque
561 2263 771 2307 permittere,
794 2269 831 2297 ut
846 2265 882 2297 in
898 2264 1074 2298 oblivionis
1090 2267 1244 2310 gurgites
1259 2267 1420 2311 abreptae
1443 2268 1642 2301 obruantur:
1663 2267 1718 2299 id-

295 2307 407 2347 circo,
430 2308 519 2350 quod
540 2308 641 2340 multa
665 2319 739 2341 mea
763 2310 919 2342 memoria
943 2310 1138 2353 obtigerunt
1160 2312 1315 2345 immania
1335 2323 1375 2345 ac
1391 2312 1475 2345 mira
1495 2317 1660 2352 monstra,
1683 2314 1719 2344 et

294 2350 452 2394 religiosa
470 2363 507 2385 se
522 2357 721 2395 aperuerunt
739 2353 772 2385 in
791 2354 882 2387 coelo
899 2355 1068 2395 terricula,
1090 2359 1202 2389 terrae
1219 2362 1326 2390 motus
1342 2357 1421 2390 item
1437 2357 1648 2390 incredibiles
1665 2356 1718 2388 fa-

298 2395 345 2428 cti
367 2400 464 2437 sunt,
486 2396 621 2430 fulmina
644 2397 754 2437 iacta,
776 2399 898 2431 imbres
923 2399 1010 2442 largi
1036 2399 1182 2444 delapsi,
1211 2402 1299 2435 bella
1328 2402 1518 2442 commissa,
1551 2401 1718 2434 exercitus

298 2440 360 2474 huc
375 2440 452 2474 illuc
472 2453 533 2485 per
549 2442 660 2475 orbem
676 2443 785 2486 rapti,
809 2444 935 2487 oppida
954 2451 988 2477 et
1010 2450 1128 2487 gentes
1147 2446 1212 2479 alio
1229 2446 1432 2487 translatae,
1455 2448 1539 2480 adeo
1566 2445 1717 2488 utrmulti

296 2489 471 2528 putarent,
494 2487 776 2529 regenerationem
792 2488 986 2532 iamiamque
1002 2489 1169 2522 subituras
1191 2502 1247 2524 res
1271 2492 1448 2531 humanas,
1471 2494 1715 2534 exspectatum—-

296 2541 361 2572 que
388 2531 525 2564 alterum
550 2531 740 2565 descensum
763 2533 955 2566 Servatoris
979 2545 1018 2566 ac
1042 2534 1107 2566 Dei
1133 2540 1209 2569 ante
1235 2537 1323 2570 fores
1344 2537 1490 2576 instare3
1512 2535 1587 2568 ideo
1608 2537 1715 2569 visum

295 2574 375 2606 mihi
392 2579 454 2615 est,
476 2580 543 2608 tam
557 2576 672 2619 plenas
687 2577 834 2610 horroris
850 2578 1089 2622 mirationeque
1106 2579 1223 2623 dignas
1238 2592 1293 2614 res
1309 2581 1441 2614 silentio
1459 2580 1546 2613 haud
1560 2579 1715 2619 transire,

296 2619 354 2650 sed
373 2620 481 2662 palam
497 2621 713 2664 proclamare,
735 2625 774 2654 ut
788 2622 983 2666 disciplinae
998 2623 1070 2656 loco
1091 2624 1157 2656 sint
1174 2626 1273 2659 etiam
1289 2626 1453 2670 posteris:
1474 2625 1503 2657 si
1518 2629 1629 2657 tamen
1648 2635 1714 2657 non

296 2664 506 2698 constitutum
533 2676 553 2697 a
579 2666 792 2709 providentia
816 2671 885 2707 est,
908 2667 1018 2701 statim
1045 2669 1208 2713 evestigio
1231 2671 1265 2703 in
1283 2668 1567 2703 consummationis
1584 2672 1714 2712 portum

293 2706 458 2740 deducere
474 2710 565 2742 vitae
583 2710 784 2752 naviculam,
809 2711 1018 2756 speciemque.
1037 2719 1164 2746 mutare
1179 2715 1276 2748 huius
1291 2715 1413 2748 mundi.
1459 2713 1561 2747 Modo
1586 2713 1715 2746 contin-

292 2754 352 2793 gat
366 2752 463 2792 mihi,
487 2754 750 2800 quandoquidem
764 2761 892 2790 tantum
909 2757 1060 2802 suscepi,
1084 2759 1142 2803 qui
1159 2770 1262 2805 supra
1278 2760 1455 2794 facultates
1470 2769 1561 2792 meas
1577 2762 1640 2798 est,
1661 2757 1713 2791 la-
