1768 3034
329 135 427 182 248
655 142 734 185 DE
762 140 1149 187 VELITATIONE
1176 140 1410 184 BELLICA

331 264 406 290 κτα
433 244 596 305 ἀθρόως
623 247 724 302 μετὰ
751 251 923 302 κραυγῆς
954 247 1019 288 καὶ
1041 246 1264 300 σαλπίγγων
1281 244 1458 302 φάνηθι,
1495 243 1549 295 ὥς
1566 243 1644 300 ἤδη
1665 261 1740 287 πο-

293 315 498 369 Βλεμίσων
525 313 682 363 αὐτούς.
735 318 816 355 τῶν
839 313 882 354 δὲ
909 312 1008 368 πρὸς
1026 312 1097 354 τὸν
1119 312 1191 353 σὸν
1206 310 1377 366 πόλεμον
1393 311 1740 368 παρασκευαζομέ-

328 398 430 432 νων,
466 383 532 423 καὶ
551 381 623 435 τὴν
650 379 775 435 ὁρμὴν
792 379 892 434 πρὸς
911 379 955 420 σὲ
971 378 1234 432 ποιουμένων,
1259 377 1393 420 ἄδειαν
1411 376 1587 434 εὖρόντες
1608 379 1646 420 οἱ
1666 378 1738 419 τὸν

142 451 298 484 Quomodo
332 454 442 489 σῖτον
467 444 735 503 ἐπιφερόμενοι
748 478 761 497 ,
799 445 1088 499 ἆποκομίσουσί
1105 461 1147 487 τε
1169 444 1292 487 αὐτὸν
1311 445 1352 487 ἐν
1377 448 1434 502 τῷ
1453 442 1611 501 κάστρῳ
1621 476 1635 496 ,
1673 444 1740 485 καὶ

118 506 327 582 ἔῃεῐὲτξᾎωοᾞίἶ
335 514 477 562 ἀσινεῖς
495 512 613 554 πάλιν
631 510 881 570 νοστήσουσι.
926 513 992 553 καὶ
1014 511 1081 553 διὰ
1098 515 1170 565 τῆς
1189 509 1374 565 τοιαύτης
1389 515 1568 565 μηχανῆς
1583 512 1649 552 καὶ
1667 510 1768 560 τὶν-5

114 585 189 616 ilum
222 587 329 617 obses.
338 582 444 636 δρῶν
466 579 651 633 ἐπιβολὴν
675 580 740 620 καὶ
757 582 911 635 τροφῆς
935 576 1143 634 παράσχῃς
1160 577 1319 629 αῧτοΐς,
1355 578 1429 632 εἴγε
1446 577 1682 634 ἀμφοτέρων
1698 576 1740 619 ἓν

183 639 260 663 ⁶⁰¹³·
326 648 441 705 χρεία
458 637 531 687 εἰσὶ
541 677 556 698 ,
593 647 658 688 καὶ
678 646 874 700 σωτηρίας
892 645 932 686 οἶ
949 642 1272 700 πολιορκούμενοι
1289 641 1470 698 τύχωσιν.

330 753 443 789 ΚΕΦ.
463 749 532 798 νβ’.
574 750 665 797 Περὶ
691 750 935 796 διαχωρισμοῦ
959 750 1052 785 λαοῦ
1070 750 1149 785 ’τῶν
1170 746 1289 796 ἡμίσει
1311 749 1509 794 πολεμίων,
1540 745 1565 795 ἢ
1589 746 1652 784 καὶ
1671 747 1740 784 τοῦ

900 807 1023 851 τρίτου
1041 805 1184 852 μέρους.
1205 857 1211 861 ἃ

294 893 325 930 c
431 880 482 921 Εἴ
499 879 542 921 δὲ
564 878 621 933 μὴ
639 878 738 934 πρὸς
757 879 985 934 πολιορκίαν
1003 876 1176 934 κάστρου
1203 876 1466 934 εὐτρεπίζοντο
1489 876 1528 918 οἷ
1545 874 1737 929 πολέμιοι,

330 945 432 986 ἀλλὰ
459 945 561 998 μετὰ
589 949 737 998 πολλῆς
765 946 830 985 καὶ
860 946 1041 1000 σφοδρᾶς
1069 942 1272 997 δυνάμεως
1297 943 1370 992 τὰς
1395 941 1587 998 ἡμετέρας
1604 940 1741 997 χώρας

327 1015 621 1067 περινοστοῦσι,
653 1010 731 1066 χρὴ
755 1010 826 1053 τὸν
851 1015 1149 1066 στρατηγοῦντα
1174 1013 1254 1052 τῶν
1279 1007 1506 1063 Ῥωμαϊκῶν
1536 1006 1768 1061 δυνάμεων1

328 1078 518 1130 ἐπιμελῶς
546 1077 639 1125 τοὺς
669 1077 862 1132 γεωργοὺς
885 1076 973 1131 ἤτοι
999 1077 1093 1126 τοὺς
1121 1081 1202 1118 τῶν
1223 1077 1380 1132 χωρίων
1407 1077 1571 1123 πολίτας
1600 1075 1738 1116 καὶτὰ

328 1144 460 1185 αὐτῶν
480 1143 636 1185 ἅπαντα
647 1141 1023 1198 παρακελεύσασθαί
1038 1160 1079 1185 τε
1102 1144 1166 1184 καὶ
1187 1140 1586 1198 παρασκευάσασθαι,
1600 1141 1641 1182 ἐν
1660 1138 1734 1182 κά-

327 1225 462 1265 στροις
472 1212 537 1251 καὶ
548 1210 704 1264 ὀχυροῖς
716 1207 851 1258 τόποις
867 1207 1161 1260 διασώσασθαι,
1176 1209 1271 1257 τοὺς
1284 1209 1327 1250 δὲ
1344 1213 1423 1250 τῶν
1435 1209 1631 1261 πολεμίων
1640 1206 1741 1262 πρὸς

117 1289 185 1321 Fol.
201 1285 268 1324 404
288 1299 320 1322 v,
328 1278 435 1317 λείαν
455 1277 727 1332 ἐξερχομένους
746 1274 799 1324 ὥς
818 1282 1009 1329 νουνεχεῖς
1027 1278 1092 1317 καὶ
1114 1273 1334 1332 ἀγρύπνους
1350 1276 1622 1329 τραυματίζειν
1636 1286 1646 1296 ”
1671 1274 1741 1314 ἵνα

328 1340 400 1384 εἷεν
430 1341 646 1390 δεδοικότες
670 1341 807 1398 πόρῥω
833 1346 905 1384 τοῦ
934 1340 1229 1396 στρατεύματος
1258 1339 1390 1383 αὖτῶν
1411 1338 1645 1390 ἐξελαύνειν,
1673 1340 1768 1380 καὶ1

329 1408 484 1464 τροφὰς
504 1409 820 1461 ἐπικομίζεσθαι·
850 1407 1065 1450 κάντεῦθεν
1085 1409 1323 1464 στενοχωρίᾳ
1350 1410 1510 1462 τροφῶν
1538 1403 1740 1459 συσχεθή-

290 1481 322 1516 D
333 1490 481 1517 σονται.
514 1475 629 1528 πλὴν,
646 1472 699 1522 ὥς
716 1474 875 1530 ἔφημεν,
894 1477 1052 1527 πλῆθος
1064 1478 1164 1516 λαοῦ
1183 1473 1334 1527 ἔχοντες
1347 1471 1483 1528 ἑτέραν
1500 1472 1595 1531 ἴσως
1610 1472 1740 1524 μέθο-

327 1544 399 1584 δον
410 1539 718 1595 μετελεύσονται.
753 1541 1045 1596 διαχωρίζοντες
1055 1540 1175 1581 ἐνίοτε
1192 1539 1285 1588 τοὺς
1296 1538 1445 1593 ἡμίσεις
1458 1543 1529 1580 τοῦ
1545 1542 1646 1579 λαοῦ
1666 1535 1739 1578 αὖ·

327 1611 422 1659 τῶν,
445 1607 471 1661 ’ἢ
490 1609 554 1649 καὶ
570 1606 616 1649 τὸ
634 1604 909 1662 τριτημόριον,
935 1606 1194 1648 ἀποστελοῢσι
1211 1604 1347 1662 πόῤῥω
1363 1603 1513 1660 ἦμὲρας
1535 1602 1631 1646 ὁδοῦ
1651 1601 1739 1645 διά-

329 1689 476 1727 στημα,
494 1672 519 1727 ἢ
542 1675 607 1714 καὶ
619 1673 791 1714 ἐπέκεινα
803 1672 946 1726 ἀπέχον
963 1676 1035 1714 τοῦ
1053 1670 1270 1728 φωσσάτου
1293 1671 1425 1713 αὐτῶν
1444 1671 1484 1712 ἐν
1501 1672 1662 1726 χωρίοις
1680 1672 1768 1711 τι-Ξ

328 1742 405 1792 σὶν,
428 1741 469 1781 ἐν
489 1737 548 1788 οἷς
566 1740 759 1790 ἐλπίζουσι
777 1740 958 1787 πλείονας
975 1737 1156 1787 δαπάνας
1174 1739 1360 1795 ἐφευρεΐν.
1375 1782 1380 1786 ᾗ
1395 1739 1462 1779 καὶ
1481 1735 1628 1792 ἀνάγκη
1646 1733 1741 1778 τού-

418 1824 472 1858 19.
500 1820 748 1866 α’ποστελοῦσι]
773 1820 990 1857 ἀποτελοῦσι
1012 1821 1085 1856 cod.

327 1901 429 1943 pente
455 1909 527 1932 cum
552 1898 695 1932 clamore
717 1899 936 1943 tubarumque
956 1901 1118 1932 concentu
1144 1908 1289 1943 appare,
1311 1897 1411 1942 quasi
1435 1896 1565 1932 iamiam
1581 1895 1742 1942 praelium

327 1942 567 1976 commissurus.
611 1943 684 1984 Ita,
707 1943 782 1976 dum
800 1945 912 1977 hostes
933 1943 976 1976 ad
996 1942 1236 1976 dimicationem
1253 1943 1410 1976 adversus
1428 1946 1463 1975 te
1479 1953 1515 1975 se
1531 1946 1663 1993 parant,
1695 1940 1742 1973 ti-

327 1986 430 2030 bique
451 1987 579 2020 obviam
600 1991 798 2031 properant,
820 1988 877 2032 qui
892 1988 1088 2021 frumentum
1105 1992 1239 2030 gestant
1252 1987 1442 2021 facultatem
1457 1990 1547 2020 nacti
1563 1985 1600 2019 id
1617 1987 1742 2028 impor-

327 2031 448 2063 tabunt
462 2030 497 2063 in
511 2031 686 2074 oppidum,
708 2036 744 2065 et
760 2031 937 2065 incolumes
961 2035 1181 2065 revertentur.
1224 2030 1396 2065 Eiusmodi
1415 2032 1593 2063 commento
1611 2034 1647 2063 et
1665 2039 1742 2072 pro-

326 2078 545 2119 pugnatorum
572 2075 846 2117 additamentum,
870 2081 905 2109 et
927 2079 1145 2117 commeatus,
1168 2075 1198 2109 ai
1214 2076 1382 2110 amborum
1398 2073 1512 2119 iuopia
1525 2076 1595 2115 cst,
1617 2073 1741 2108 submi-

326 2118 505 2160 nisuabis,
528 2119 732 2165 salutemque
746 2120 872 2154 obsessi
888 2120 1063 2165 accipient.

328 2208 407 2241 CAP-
420 2208 518 2240 XXII.
548 2209 595 2241 De
609 2210 804 2251 separatione
821 2209 966 2241 dimidiae
982 2211 1031 2242 vei
1051 2210 1144 2241 etiam
1162 2210 1275 2240 tertiae
1289 2208 1387 2249 partis
1402 2209 1558 2249 copiarum
1573 2207 1739 2240 hostilium.

393 2273 432 2306 Si
458 2284 538 2306 vero
566 2285 631 2306 non
656 2273 697 2306 ad
720 2272 922 2306 obsidionem
940 2273 1058 2317 oppidi
1075 2284 1112 2306 se
1129 2275 1327 2306 convertunt
1343 2273 1473 2313 hostes,
1497 2272 1558 2305 sed
1583 2283 1656 2305 cum
1669 2282 1739 2305 ma-

328 2329 395 2362 gno
421 2328 461 2350 ac
476 2317 608 2350 valente
623 2316 769 2350 exercitu
785 2317 938 2360 regiones
954 2321 1180 2360 pervagantur
1196 2321 1348 2356 nostras,
1371 2317 1471 2350 debet
1488 2316 1664 2360 diligenter
1681 2326 1740 2348 co-

351 2362 452 2395 iarum
476 2361 691 2394 Romanarum
720 2360 788 2392 dux
814 2361 997 2405 agricolas,
1027 2361 1090 2393 hoc
1116 2364 1187 2400 est,
1216 2361 1351 2394 vicanos
1377 2361 1541 2400 homines,
1563 2371 1740 2403 eorumque

324 2373 478 2440 {ortunae
494 2414 604 2436 omnes
633 2403 787 2437 mandare
814 2410 848 2438 et
875 2404 1076 2444 instituere,
1105 2404 1140 2437 in
1168 2405 1292 2449 oppida
1314 2405 1504 2449 munitaque
1528 2405 1602 2437 locu
1625 2404 1675 2437 uti
1703 2415 1740 2437 se

326 2450 525 2488 subducent,
555 2447 764 2491 hostiumque
786 2449 845 2492 qui
868 2449 935 2481 sint
955 2448 1139 2492 praedandi
1159 2460 1259 2483 causa
1283 2450 1430 2493 egressi,
1454 2447 1631 2493 prudentia
1651 2447 1741 2491 vigi-

324 2495 489 2536 lantiaque
517 2491 668 2525 adhibita
696 2492 878 2525 afflictent:
901 2497 940 2525 ut
962 2492 1092 2535 longius
1121 2493 1162 2526 ab
1177 2493 1326 2527 exercitu
1343 2493 1516 2527 discedere
1532 2496 1632 2536 utque
1650 2503 1739 2525 com-

325 2542 460 2572 meatum
486 2539 692 2579 comportare
719 2536 949 2569 reformident:
972 2536 1116 2581 ideoque
1139 2548 1177 2570 re
1201 2538 1415 2571 frumentaria
1442 2541 1582 2580 anguste
1593 2539 1739 2571 utentur.

318 2581 359 2612 Si
378 2585 485 2613 autem
496 2605 506 2620 ‚
530 2585 568 2613 ut
581 2579 722 2612 diximus
733 2603 744 2619 ‚
766 2591 902 2623 magnas
919 2581 1045 2614 habent
1058 2581 1172 2624 copias
1186 2605 1196 2622 ,
1220 2583 1364 2615 fortasse
1382 2581 1478 2615 aliam
1494 2580 1655 2614 rationem
1671 2579 1737 2612 iui-

318 2624 403 2656 bunt
429 2624 518 2658 belli.
562 2624 736 2657 Divisione
761 2625 870 2665 facta,
894 2624 1062 2658 dimidiam
1085 2626 1140 2659 vel
1163 2627 1263 2660 etiam
1279 2626 1413 2659 tertiam
1430 2628 1557 2669 partem
1573 2624 1741 2658 exercitus

319 2669 471 2701 emittent
483 2680 501 2701 e
517 2668 638 2702 castris
657 2667 724 2701 iter
737 2669 834 2702 unius
851 2668 939 2709 diei,
962 2674 1022 2702 ‘aut
1035 2669 1178 2713 longius,
1201 2671 1237 2703 in
1260 2671 1353 2704 vicos
1370 2669 1427 2702 ubi
1445 2672 1584 2713 sperant
1606 2668 1741 2711 amplio-
1764 2681 1768 2686 ·

317 2722 389 2744 rem
407 2724 444 2745 se
460 2716 669 2747 commeatum
685 2712 892 2747 inventuros.
921 2713 994 2748 Hos
1009 2724 1071 2758 per
1087 2714 1221 2750 biduum
1238 2719 1298 2750 aut
1310 2714 1456 2748 triduum
1469 2724 1493 2746 a
1509 2712 1630 2747 eastris
1644 2713 1743 2746 abes-
