1768 3034
282 134 377 185 134
760 140 961 186 LEONIS
989 140 1237 185 DIACONI·

65 266 101 297 A.
121 264 163 296 M.
182 261 271 300 6480
281 267 345 300 τες
367 249 462 300 τοὺς
482 248 672 302 ἄκοντας,
709 250 775 292 καὶ
793 250 982 306 σφοδρῶς
1000 254 1084 297 τοῖς
1099 245 1243 302 μῦωψι
1261 246 1358 297 τοῦς
1377 247 1526 298 ἵππους
1550 248 1702 306 κεντρί-

109 311 174 343 Ind.
193 309 236 346 15
281 334 446 371 σαντες,
481 318 585 360 κατὰ
605 315 759 360 τούτων
777 317 963 371 ἤλαυνον.
1009 314 1171 359 Σκύθαι
1190 316 1256 369 δὲ,
1280 313 1350 358 ἅτε
1368 316 1584 372 πεζέταιροι
1597 333 1702 372 χρη-

277 387 506 441 ματίζοντες
519 398 529 408 ·
566 385 659 427 οὐδὲ
675 385 752 440 γὰρ
771 383 839 440 ἀφ’
855 384 988 425 ἵππων
1007 383 1232 437 εἰθισμένον
1260 383 1366 425 ἐστὶν
1397 382 1534 432 αὐτοῖς
1555 383 1700 438 ἀγωνί-

279 455 440 505 ζεσθαι,
479 451 540 494 ὅτι
567 453 671 507 μηδὲ
697 451 799 507 πρὸς
826 455 946 493 τοῦτο
975 449 1262 506 γυμνάζονται·
1297 449 1371 503 οὔχ
1390 448 1612 505 ὖπήνεγκαν
1630 450 1702 492 τὸν

278 525 359 563 τῶν
374 518 578 574 Ῥωμαίων
598 518 863 575 ὄορατισμὸν,
901 518 992 560 ἀλλ’
1017 519 1261 567 ἐκκλίναντες
1279 518 1334 567 εἷς
1353 517 1504 574 φυγὴν,
1542 517 1606 559 ε’πὶ
1632 516 1736 563 τὸν5

279 591 353 631 τοῦ
382 586 522 635 ι’ίστεος
549 587 759 643 περίβολον
796 585 1062 628 συνεκλείοντο
1075 599 1086 609 ·
1122 585 1193 636 οὓς
1229 583 1481 639 ἐπισπόμενοι
1515 582 1704 638 Ῥωμαῖοι

279 654 456 708 ἀνηλεῶς
475 653 653 696 ἔκτεινον.
711 655 811 710 φασὶ
830 653 906 710 γὰρ
925 654 1036 710 παρὰ
1052 651 1203 708 ταύτην
1223 653 1310 708 τῆν’
1323 651 1554 710 προσβολὴν
1582 652 1704 694 ὀκτα-

280 722 493 775 κισχιλιόυς
512 721 613 777 πρὸς
640 727 724 771 τοῖς
742 722 1012 770 πεντακοσίοις
1032 721 1292 777 ἀναιρεθῆναι
1311 725 1501 763 Σκυθῶν.

243 796 275 831 D
383 786 426 831 ε’.
466 788 518 830 Οἳ
547 790 590 830 δὲ
616 789 950 845 περιλειφθέντες,
988 789 1069 830 ἐπεὶ
1095 789 1196 845 πρὸς
1223 788 1269 830 τὸ
1299 787 1399 830 ἄστυ
1422 787 1705 841 συνεκλείσθη-

278 869 378 907 σαν,
417 856 459 896 ἐκ
477 860 558 898 τῶν
574 855 770 905 ἐπάλξεων
791 855 948 898 ἄνωθεν
966 856 1198 913 ἕῤῥωμένως
1221 855 1540 912 ἠκροβολίζοντο.
1593 872 1703 909 τηνι-
1715 864 1762 898 1o'

278 925 408 964 καῦτα
429 922 580 977 λε’γεται
607 925 674 965 καὶ
703 923 773 965 τὸν
802 925 1025 979 Πατρίκιον
1051 921 1315 978 Καλοκύρην,
1345 927 1395 978 τῇ
1422 920 1705 981 Πραισθλάβᾳ

278 988 607 1046 ἐπιχωριάζοντα,
638 990 758 1047 ὅσπερ
779 991 851 1045 τὴν
867 989 1057 1045 Ῥωσικὴν
1078 991 1300 1033 πανοπλίαν
1320 989 1424 1031 κατὰ
1443 994 1523 1031 τῶν
1542 993 1705 1031 Μυσῶν
1755 1046 1758 1047 ⁷

278 1056 325 1098 τὸ
345 1056 546 1113 πρόσθεν,
583 1052 682 1114 ᾗπὲρ
706 1076 774 1112 μοι
795 1058 873 1112 ἤδη
895 1057 1049 1115 ἕῤῥήθη
1060 1091 1072 1110 ,
1110 1060 1327 1112 κεκίνηκεν,
1365 1055 1609 1110 αἰσθόμενον
1631 1056 1705 1111 τὴν

279 1128 352 1166 τοῦ
381 1122 678 1182 αὐτοκράτορος
702 1125 836 1182 ἄφιξιν
864 1124 976 1182 (οὐδὲ
995 1126 1071 1182 γὰρ
1091 1126 1180 1180 ἐνῆν
1203 1123 1439 1176 λανθάνειν,
1477 1129 1557 1166 τῶν
1584 1129 1705 1177 βασι-

278 1195 399 1234 λικῶν
430 1191 681 1248 παρασήμων
714 1198 764 1250 τῇ
793 1191 1046 1247 στιλπνότητι
1070 1198 1142 1235 τοῦ
1173 1196 1328 1249 χρυσοῦ
1358 1191 1534 1248 ἅρῥητον
1563 1193 1768 1244 {nempe-15⁴

279 1256 436 1301 πόντων
452 1258 747 1319 μαρμαρυγῆν)
757 1293 770 1312 ,
807 1262 1017 1317 λαθραίως
1043 1259 1121 1302 ὕπὸ
1144 1260 1268 1302 νύκτα
1284 1264 1459 1313 βαθεῖαν
1479 1257 1707 1313 ὑπεξελθεῖν

152 1329 193 1369 P.
215 1337 258 1372 83
281 1342 323 1368 τε
350 1331 422 1368 τοῦ
443 1326 584 1376 ἄστεος
601 1330 667 1368 καὶ
690 1326 744 1377 ὡς
764 1328 834 1370 τὸν
853 1326 1199 1384 Σφενὸοσθλάβον
1221 1327 1460 1383 ἀφικέσθαι,
1485 1326 1609 1368 αὐτοῦ
1629 1343 1707 1368 που

281 1393 392 1449 παρὰ
410 1393 457 1435 τὸ
478 1393 739 1449 Δορῦστολον
768 1394 809 1451 (ὃ
831 1395 882 1436 τὰ
900 1398 971 1436 νῦν
998 1396 1158 1450 Δρίστα
1187 1394 1388 1451 καλεῖται)
1417 1396 1589 1435 πανσυδὶ
1617 1396 1707 1435 δια-

281 1462 485 1517 τρίβοντα.
533 1461 628 1502 dm?
651 1454 756 1503 οὕτω
773 1463 846 1515 μὲν
867 1459 887 1503 ὃ
909 1460 1150 1517 Καλοκύρης
1170 1461 1391 1513 ἀπέδρασε,
1423 1458 1644 1513 Ῥωμαίους
1665 1461 1709 1501 δὲ

281 1526 308 1581 ἦ
327 1528 398 1577 νὺξ
418 1528 647 1570 ἐπελθοῦσα
666 1533 738 1582 τῆς
756 1527 889 1582 μάχης
907 1529 1077 1581 ἐπέσχεν.
1116 1527 1205 1583 ἄρτι
1223 1530 1266 1569 δὲ
1285 1527 1388 1569 κατὰ
1406 1527 1479 1581 τὴν
1494 1526 1764 1583 ὕστεραιάνᾌὶ

282 1596 350 1636 καὶ
372 1599 444 1648 τῆς
471 1598 612 1649 λοιπῆς
638 1599 828 1650 στρατιᾶς
852 1594 1052 1648 μετὰτῶν
1078 1593 1291 1637 ἓλεπόλεων
1309 1594 1527 1650 ἀφιγμένης
1552 1594 1709 1651 (ἡμέρα

282 1663 326 1703 δὲ
341 1657 390 1715 ἦν
407 1660 432 1715 ἢ
453 1662 674 1716 καλουμένη
692 1661 842 1717 μεγάλη
861 1662 1040 1716 πέμπτη,
1079 1662 1181 1703 καθ’
1205 1661 1255 1715 ἢν
1274 1663 1335 1702 ε’πὶ
1355 1662 1400 1703 τὸ
1419 1660 1555 1711 πάθος
1572 1667 1709 1715 μολῶν

282 1726 304 1769 ὃ
333 1728 477 1784 Σωτὴρ
509 1729 560 1770 τοὶ
590 1727 767 1785 σωτήρια
790 1735 873 1777 τοῖς
891 1734 1100 1783 μαθηταῖς
1120 1728 1221 1781 μετὰ
1239 1729 1308 1770 τὸν
1329 1729 1521 1782 μυστικὸν
1552 1732 1709 1771 δεῖπνον

283 1794 512 1851 διδάγματα
530 1796 792 1855 ἒξεπαίὸευσε)
801 1829 814 1848 ,
852 1799 1029 1852 πρωΐθεν
1050 1794 1070 1837 ὃ
1092 1794 1351 1852 αὐτοκράτωρ
1364 1786 1549 1851 Ἰωάννης
1566 1798 1708 1846 ἐξανα-

373 1903 429 1936 18.
461 1902 554 1981 Fgrt.
576 1902 748 1947 Δρίστρα,
793 1903 888 1937 Infra
911 1903 966 1938 86.
989 1902 1031 1936 B.
1078 1903 1249 1949 Δρῆστρα
1271 1902 1358 1948 (sic)
1380 1902 1456 1939 cod.
1543 1905 1600 1943 22.
1621 1902 1709 1948 πέμ-

372 1958 425 1991 πη
449 1959 487 1981 co
514 1973 522 1981 .

285 2034 381 2069 festis
399 2036 435 2069 in
451 2036 565 2070 hostes
584 2049 621 2071 se
636 2036 844 2082 permittunt.
890 2038 1040 2079 Quorum
1059 2038 1215 2083 cuspides
1233 2050 1306 2072 cum
1323 2037 1488 2083 Scythae,
1511 2041 1549 2072 ut
1563 2039 1709 2082 pedites,

282 2082 448 2114 sustinere
472 2093 537 2114 non
558 2088 712 2126 possent:
743 2094 850 2127 neque
868 2084 953 2117 enim
977 2085 1163 2128 praeliandi
1181 2095 1222 2117 ex
1244 2083 1338 2127 equis
1355 2084 1626 2117 consuetudinem
1648 2085 1710 2116 ha-

283 2127 385 2165 bent,
416 2137 522 2169 neque
549 2128 639 2160 eain
658 2139 696 2161 re
715 2133 932 2162 exercentur:
956 2130 1056 2172 fugae
1077 2141 1113 2162 se
1131 2129 1298 2168 mandant,
1320 2128 1423 2172 inque
1441 2128 1556 2172 oppidi
1582 2129 1711 2162 moenia

283 2182 323 2204 se
340 2171 556 2204 concludunt:
579 2183 661 2215 quos
683 2173 826 2206 insecuti
845 2174 983 2207 Romani
1010 2174 1099 2207 nulla
1121 2172 1345 2207 misericordia
1366 2173 1591 2208 conciderunt,
1635 2174 1711 2207 Hac

284 2216 501 2260 impressione
522 2216 718 2250 interfectos
736 2229 809 2251 esse
828 2218 920 2251 aiunt
941 2219 1085 2262 Scythas
1105 2219 1212 2252 octies
1232 2218 1320 2251 mille
1340 2218 1551 2262 quingentos.

313 2279 318 2284 ,
373 2262 407 2296 5.
431 2261 499 2300 Qui
525 2262 780 2305 superfuerant,
808 2263 835 2296 ii
861 2264 896 2296 in
923 2263 1082 2306 oppidum
1100 2263 1220 2296 inclusi
1239 2275 1259 2295 e
1275 2263 1376 2295 muris
1399 2264 1506 2307 deque
1522 2262 1594 2296 loco
1611 2274 1712 2306 supe-

285 2305 376 2339 riore
393 2305 469 2338 telis
487 2306 647 2339 coniectis
661 2307 796 2340 fortiter
812 2308 1023 2341 resistebant.
1067 2308 1195 2341 Eodem
1213 2312 1364 2350 ternpore
1385 2308 1579 2352 Calocyrem
1598 2307 1712 2341 Patri-

285 2351 371 2384 cium
389 2350 631 2384 Praesthlabae
655 2357 906 2385 commorantem
917 2378 927 2393 ‚
949 2365 1045 2396 quem
1066 2358 1264 2386 armaturam
1285 2352 1458 2385 Russicam
1476 2352 1551 2385 olim
1567 2352 1601 2385 in
1616 2354 1714 2386 Moe-

286 2407 342 2429 sos
357 2395 571 2430 commovisse
590 2395 741 2439 superius
760 2397 840 2438 dixi,
865 2409 938 2430 cum
956 2398 999 2430 de
1013 2397 1228 2441 Imperatoris
1247 2397 1391 2430 adventu
1408 2397 1619 2440 cognovisset
1637 2397 1713 2440 (qui

286 2442 330 2474 ob
350 2441 496 2484 insignia
514 2440 721 2486 principatus
739 2441 845 2474 latere
864 2453 929 2475 non
947 2447 1095 2485 poterat,
1118 2442 1251 2486 fulgore
1272 2443 1346 2474 auri
1360 2442 1504 2475 divinam
1519 2442 1626 2474 lucem
1642 2441 1713 2474 dif-

287 2486 501 2529 fundentia),
532 2485 615 2519 clam
642 2486 783 2518 adversa
800 2492 895 2519 noete
915 2487 1039 2530 oppido
1060 2487 1209 2531 elapsum
1225 2498 1300 2520 esse
1319 2486 1432 2527 aiunt,
1455 2487 1566 2530 adque
1579 2486 1713 2529 Sphen-

287 2530 495 2565 dosthlabum
518 2534 658 2575 propter
674 2531 885 2574 Dorystolum
910 2531 1015 2574 (quae
1043 2543 1129 2564 nunc
1150 2531 1285 2565 Dristra
1300 2531 1457 2574 vocatur)
1474 2542 1545 2564 cum
1562 2530 1712 2563 omnibus

288 2575 394 2618 copiis
420 2574 660 2609 subsidiantem
676 2576 879 2619 pervenisse.
925 2576 1051 2620 Elapso
1068 2576 1252 2619 Calocyre‚
1283 2577 1447 2609 Romanos
1472 2571 1539 2608 riox
1554 2586 1713 2618 superve-

290 2620 384 2652 niens
417 2631 438 2653 α
462 2631 576 2664 pugna
598 2620 781 2653 revocavit.
835 2620 983 2664 Reliquis
1010 2621 1115 2665 copiis
1143 2632 1209 2653 una
1235 2633 1306 2654 cum
1328 2620 1488 2653 machinis
1508 2625 1639 2664 postero
1657 2619 1714 2651 die

293 2665 478 2698 consecutis
495 2665 569 2709 (qui
589 2665 661 2699 dies
679 2668 752 2698 erat
782 2664 837 2709 qui
859 2670 998 2698 vocatur
1017 2666 1115 2701 Feria
1130 2665 1246 2709 quinta
1266 2666 1423 2705 maxima,
1444 2676 1509 2709 qua
1528 2664 1570 2696 ad
1585 2663 1715 2707 passio-

291 2719 363 2741 nem
387 2710 544 2752 gradiens
561 2710 722 2744 Servator
750 2710 917 2743 servantia
933 2714 1010 2754 post
1029 2710 1200 2753 mysticam
1219 2722 1354 2744 coenam
1371 2713 1549 2753 praecepm
1566 2708 1715 2752 discipu-

290 2753 331 2785 lis
355 2754 480 2797 fudit),
513 2766 609 2789 mane
628 2755 769 2789 Ioannes
787 2756 970 2800 Imperator
997 2755 1119 2789 castris
1138 2767 1293 2799 egressus
1310 2755 1414 2789 aciem
1429 2754 1596 2798 legionum
1612 2763 1716 2786 cuneo
