1754 2996
283 120 383 169 490
733 124 781 191 e.
809 127 858 170 B.
890 124 1044 170 HAsn
1071 124 1270 168 NOTAE

281 240 380 267 voce
398 226 569 266 Bouhier
586 227 846 278 Explication
875 225 921 263 de
946 226 1134 277 quelques
1158 227 1335 266 marbres
1353 229 1537 281 antiques
1561 231 1726 276 ete.A36.

282 290 324 322 et
358 283 567 336 praecipue
586 284 862 333 Wesselingius
883 283 1058 321 Diatribe
1084 283 1133 322 de
1151 282 1388 324 Iudaeorum
1403 285 1655 324 archontibus
1674 287 1726 324 ad

281 340 462 392 inscript.
492 340 784 378 Berenicensem
808 341 874 380 13.
903 340 950 378 A.
1006 339 1154 377 Eadem
1183 352 1285 390 vox,
1322 346 1368 378 ut
1391 353 1517 380 unum
1541 342 1673 380 locum
1702 355 1725 380 e

281 396 418 434 multis
453 409 769 444 commemorem,
800 395 978 433 occurrit
1011 395 1199 435 Canonib.
1233 396 1382 434 Concil.
1407 397 1628 445 Quinisexti
1652 397 1724 437 ΠΙ.

284 455 406 495 1697.
431 452 478 490 Β.
498 449 605 499 ὅπως
629 466 669 491 τε
685 454 738 506 τῇ
755 451 799 491 ἐν
820 454 876 506 τῷ
906 449 1047 504 μεταξύ
1074 455 1300 516 προνοεῖται
1320 447 1565 508 ἀναστροφῇ.
1622 453 1726 498 Ver-

280 508 334 548 tit
365 508 579 545 Gentianus
612 507 827 557 Hermus,
857 507 1053 559 quomodo
1073 510 1157 546 eius
1177 522 1282 560 quae
1301 508 1506 547 intercedit
1524 511 1631 548 vitae
1650 523 1723 548 ra—

275 565 404 601 tionis
422 565 766 614 conversionisque
784 577 927 601 curam
939 572 1067 616 gerat.
1123 563 1377 603 Praetulerim
1394 564 1624 616 genitivum,
1651 567 1724 616 τῆς

279 615 556 673 ἀναστροφῆς,
591 633 683 657 cum
710 619 1035 672 interpretatione
1059 621 1156 659 hac·
1186 634 1309 672 quam
1328 620 1585 673 providenter
1613 628 1724 659 curet

277 690 366 714 eam
387 675 549 714 vivendi
566 678 783 726 rationem,
815 691 917 728 quae
935 674 1056 731 (inter
1078 677 1291 715 admissum
1314 684 1519 746 peccatum
1538 683 1578 716 et
1595 683 1724 715 actam

276 730 577 784 poenitentiam)
601 732 820 771 intercedit.
875 734 1019 771 Eadem
1038 739 1097 771 est
1112 733 1343 782 significatio
1360 733 1471 772 verbi
1489 729 1724 786 ἀναστρέφε-

276 793 387 837 σθαι,
414 790 581 826 versari.
639 788 726 835 Quo
748 802 867 827 sensu
888 790 925 827 S.
951 790 1088 828 Ioann.
1112 788 1311 857 Chryspst.
1329 789 1665 828 Homil.1.vin.in
1683 790 1723 828 S.

275 820 415 883 Μειῑῐ11.
446 845 473 884 1.
501 844 595 886 624.
621 844 665 882 Ε.
695 845 770 894 ait,
809 842 1164 898 ἀναστρεφομένων
1193 841 1324 885 αυτῶν
1355 845 1480 900 ἐντῃ
1464 848 1482 857 ”
1514 845 1721 899 Γαλιλαίᾳ·

274 913 368 939 nam
391 899 495 938 idem
513 901 633 951 paulo
661 907 752 951 post
770 903 864 943 626.
886 902 928 939 C.
955 902 998 943 ἐν
1016 904 1066 957 τῇ
1084 902 1271 955 Γαλιλαία
1301 861 1606 954 διατριβόντων,
1634 885 1723 938 illis

278 959 323 994 in
358 957 548 994 Galilaea
585 957 944 995 commorantibus:
986 970 1208 1008 quanquam
1235 957 1339 995 illud
1365 957 1434 995 alii
1459 957 1572 996 aliter
1594 970 1722 1008 expo—

133 1017 173 1052 P.
197 1016 266 1052 250
282 1019 459 1051 suerunt.
515 1012 617 1051 Nota
647 1020 849 1064 piaeterea
877 1014 1202 1064 significationem
1227 1013 1415 1058 rariorem
1440 1013 1549 1051 vocis
1574 1009 1739 1065 dymyn.

277 1068 1312 1120 vices.S.Ioann.Ch1ysost.H0mil.1.xxxv1.in
1339 1070 1379 1107 S.
1407 1068 1554 1110 Matth.
1572 1069 1602 1107 Ι.
1623 1071 1719 1112 889.

279 1125 322 1162 C.
351 1121 454 1163 καθ’
481 1121 650 1175 ἑκάστην
679 1121 836 1178 ἀγωγὴν
866 1125 934 1166 καὶ
950 1127 1080 1179 τρίτον
1098 1125 1166 1166 καὶ
1185 1123 1367 1178 τέταρτον
1385 1125 1503 1169 εἴωθε
1525 1128 1693 1175 φωνεῖν
1687 1140 1718 1165 ο

277 1177 523 1249 ἀλεκτρυὼν,
553 1183 702 1232 quavis
727 1184 824 1222 vice
879 1183 930 1220 Et
960 1183 1079 1233 paulo
1102 1187 1192 1233 post
1211 1182 1256 1220 D.
1273 1180 1369 1234 πρὶν
1386 1177 1415 1233 ἦ
1437 1196 1512 1234 γαρ
1532 1178 1606 1232 τήν
1623 1181 1721 1232 μίαν

277 1233 438 1290 ἀγωγην
459 1232 670 1289 απαρτίσαι
686 1234 751 1277 τᾶν
771 1234 1024 1302 αλεκτρυόνα,
1059 1246 1276 1289 antequam
1299 1251 1424 1275 unam
1445 1235 1640 1275 cantandi
1655 1238 1720 1274 νὶ-

278 1307 359 1330 cem
384 1292 527 1343 gallus
545 1293 800 1344 absolvisset,
828 1300 874 1332 ut
899 1295 1019 1333 vertit
1039 1294 1225 1334 Anianus.
1279 1293 1377 1332 Item
1398 1293 1630 1344 Euthymius
1648 1292 1721 1330 Zi-
1739 1329 1743 1331 Α

277 1349 450 1400 gabenus
482 1349 677 1401 Panoplia
701 1351 783 1400 Dog
764 1351 926 1396 “metica
952 1351 1046 1393 430.
1075 1352 1115 1388 C.
1142 1351 1252 1404 τρίτῃ
1280 1346 1415 1404 ἀγωγῇ
1435 1350 1491 1397 εἰς
1509 1346 1583 1398 τὴν
1601 1345 1721 1388 πόλιν

276 1400 557 1447 ἐπανελθόντα.
589 1405 744 1443 Etenim
762 1420 843 1444 non
861 1420 1016 1444 necesse
1037 1406 1219 1454 arbitror,
1238 1411 1283 1443 ut
1295 1405 1495 1455 legamus'
1483 1419 1536 1443 111
1541 1403 1604 1442 his
1619 1404 1719 1443 locis

274 1457 496 1514 αναγωγήν,
515 1462 620 1511 quod
639 1468 766 1500 caetel
768 1462 863 1513 oqui
883 1476 997 1514 saepe
1012 1462 1223 1513 respondet
1239 1462 1463 1512 repetitioni
1477 1460 1716 1498 Latinorum.

385 1519 490 1568 Pdg·
523 1518 615 1559 165.
645 1518 716 1556 lin.
744 1520 784 1559 3.
816 1516 929 1557 Κατὰ
947 1521 1090 1558 τοῦτον
1109 1515 1158 1569 δὴ
1178 1514 1247 1557 τὸν
1259 1513 1411 1582 καιρόν]
1438 1517 1479 1554 Si
1497 1529 1718 1568 pronomen

273 1576 415 1614 τοῦτον
433 1573 567 1621 demis,
598 1573 676 1611 duo
696 1574 776 1611 fere
796 1580 908 1611 notat
926 1573 1072 1611 locutio
1093 1589 1191 1613 κατα
1211 1569 1367 1624 καιρόν.
1426 1572 1566 1621 Primo,
1595 1585 1719 1623 quan-

274 1630 337 1678 do,
367 1635 519 1668 retenta
536 1630 579 1666 in
600 1645 738 1682 καιρος
755 1630 1039 1680 significatione
1058 1630 1386 1680 opportunitatis,
1414 1628 1518 1666 idem
1534 1634 1594 1666 est
1608 1627 1718 1679 quod

273 1686 317 1726 ἐν
335 1688 471 1740 καιρῷ,
500 1688 743 1736 tempestive,
773 1692 817 1723 e'x
837 1694 1015 1737 tempore.
1071 1687 1160 1732 Quo
1182 1698 1299 1722 sensu
1320 1683 1519 1731 adhibent,
1545 1697 1719 1752 praeser-

274 1742 348 1779 tim
370 1726 542 1793 piaiefixa
561 1742 755 1792 particula
773 1740 839 1794 μὴ,
861 1741 1152 1793 Theophrastus
1170 1741 1271 1779 Hist.
1284 1741 1408 1792 plant.
1426 1743 1494 1783 98.
1506 1740 1548 1778 C.
1578 1735 1716 1790 ἒανμκή

272 1813 372 1837 κατα
392 1796 526 1850 καιρὸν
546 1795 593 1837 vo?
608 1795 1060 1863 πνεύματα-γένηται·
1081 1799 1139 1836 De
1158 1797 1282 1835 causis
1299 1797 1466 1848 plantar-
1484 1797 1580 1839 273·
1593 1795 1636 1836 D·
1645 1809 1718 1842 τας

274 1869 330 1905 μη
351 1851 450 1893 κατα
466 1851 606 1906 καιρὸν
628 1851 874 1906 βλαστήσεις·
898 1857 991 1897 339.
1003 1853 1047 1893 A.
1066 1869 1116 1894 αν
1132 1850 1186 1906 μὴ
1198 1867 1296 1892 κατα
1306 1849 1446 1918 καιρόν
1456 1849 1504 1891 τοὶ
1515 1865 1726 1901 πνευματα.

274 1908 514 1960 -γένηται·
533 1910 626 1952 347.
644 1911 687 1948 Β.
706 1907 735 1961 ἢ
746 1906 997 1976 ἰσχυρότερα,
1023 1906 1053 1961 ἦ
1072 1907 1126 1961 μή
1145 1925 1244 1949 κατα
1259 1904 1418 1961 καιρόν·
1437 1908 1479 1947 C.
1499 1904 1569 1947 ἐαν
1583 1902 1635 1958 δή
1656 1921 1716 1954 τις

241 1962 335 2016 Βμη
352 1980 449 2004 κατα
468 1962 890 2034 καιρον--χρήσηταν
921 1966 1065 2016 aliique
1082 1965 1209 2003 multi.
1254 1963 1414 2011 Deinde,
1443 1962 1600 2013 quando
1619 1962 1714 2000 dici-

274 2033 382 2069 mus,
413 2019 436 2060 o‘
462 2019 560 2061 κατοὶ
583 2036 749 2075 καιρον,
780 2036 820 2063 v.
851 2036 884 2060 c.
909 2018 1137 2074 στρατηγὸς,
1166 2022 1239 2071 qui
1257 2026 1426 2082 tempore
1440 2019 1511 2055 illo
1530 2018 1595 2056 vel
1607 2019 1713 2068 suit,

276 2076 344 2113 vel
369 2078 464 2125 erit,
486 2085 663 2127 praetor.
720 2078 818 2116 Nam
845 2084 1058 2128 usurpatur
1088 2082 1127 2114 et
1146 2076 1195 2114 de
1214 2075 1423 2127 praeterito
1447 2079 1644 2124 tempore,
1674 2079 1715 2111 et

276 2131 326 2169 de
341 2132 487 2170 futmo.
542 2134 598 2171 De
618 2134 829 2185 praeterito
864 2147 886 2170 a
907 2133 1055 2184 Gyrillo
1079 2131 1404 2182 Scythopolitano
1431 2129 1522 2167 Vita
1539 2130 1578 2168 S.
1591 2129 1714 2167 Sabae

275 2187 341 2226 ΠΙ.
358 2180 451 2229 303
475 2188 516 2225 C
536 2189 577 2228 οἷ
593 2188 691 2229 κατα
704 2187 844 2241 καιρὸν
856 2187 1092 2242 πρακτευταὶ
1110 2187 1151 2238 [l.
1171 2186 1416 2238 τρακτευταί·
1437 2184 1520 2223 vid.
1538 2185 1712 2235 Ducang.

277 2243 447 2281 Glossar.
466 2244 535 2280 sub
554 2244 593 2280 h.
613 2245 673 2297 v.]
695 2246 762 2285 καὶ
778 2246 949 2297 βίνδικες
966 2247 1044 2284 τῶν
1058 2240 1156 2283 κατα
1175 2242 1445 2292 Παλαιστίνην
1459 2241 1713 2291 δημοσίων-

274 2295 587 2352 ἦναγκασθησαν
609 2316 643 2339 κ.
669 2316 702 2339 τ.
726 2304 757 2341 λ.
785 2303 857 2351 qui
871 2315 948 2351 pro
965 2307 1134 2350 tempore
1151 2305 1348 2335 exactores
1367 2304 1403 2333 et
1417 2295 1594 2334 ιὶηιίίοω
1604 2297 1711 2345 fue—

274 2363 371 2393 runt
399 2355 656 2406 publicorum
678 2358 936 2393 Palaestinae
961 2355 1215 2392 tributorum.
1281 2355 1336 2390 De
1366 2353 1503 2390 futuro
1525 2352 1712 2395 Sultanus

274 2411 441 2464 Aegypti
467 2411 592 2463 Epist.
621 2412 726 2462 apud
753 2413 1008 2449 Cantacuzen.
1030 2411 1095 2448 111.
1121 2410 1224 2449 Hist.
1252 2410 1346 2451 757.
1382 2408 1426 2446 D.
1447 2408 1489 2448 οἱ
1512 2404 1611 2447 κατὰ
1628 2422 1712 2446 και-

274 2484 372 2520 ρους
401 2465 579 2520 ἐχόμενοι
609 2467 652 2518 [l.
673 2463 888 2519 ἐρχόμενοι]
922 2468 978 2514 εἰς
1003 2481 1076 2517 την
1102 2476 1373 2518 προσκυνησιν
1387 2460 1460 2514 τήν
1477 2462 1590 2515 mylae
1609 2458 1713 2504 ἅνα-

278 2537 469 2573 στασεως,
511 2524 565 2561 De
601 2523 811 2575 praeterito
847 2523 965 2560 simul
996 2528 1035 2559 et
1063 2523 1199 2559 futuro
1231 2520 1353 2572 Epist.
1382 2517 1560 2568 Gregorii
1583 2518 1713 2569 Papae

247 2601 250 2605 ·
275 2581 325 2618 ad
353 2582 519 2618 Leonem
547 2579 664 2618 Isaur.
698 2579 799 2630 Imp.
830 2578 917 2617 Act.
948 2578 1065 2615 Cone.
1093 2577 1158 2615 IV.
1188 2579 1253 2618 11.
1282 2576 1324 2614 C.
1366 2574 1408 2615 οἷ
1421 2570 1631 2626 ἀρχιερεῖς,
1671 2573 1713 2613 οἳ

273 2635 373 2676 aava}
410 2633 551 2687 καιρόν
588 2635 648 2676 ἐν
664 2631 788 2689 Ῥώμῃ
818 2631 885 2673 δια
918 2631 992 2683 τήν
1020 2631 1182 2685 εἰρήνην
1211 2631 1465 2678 καθέζονται·
1499 2628 1568 2666 ubi
1597 2641 1714 2668 men-

237 2692 370 2734 cdum
391 2691 692 2742 corrigendum
681 2705 724 2728 m
741 2689 920 2728 versione
938 2688 1087 2728 Latina.
1129 2689 1257 2735 Quem
1276 2684 1489 2724 locutionis
1505 2699 1604 2723 κατα
1622 2696 1713 2724 και·-

274 2746 342 2801 ρόν
359 2762 534 2795 sensum,
563 2748 607 2786 in
623 2746 947 2800 inscriptionibus
971 2744 1121 2783 Latinis
1136 2756 1300 2799 quoque
1313 2754 1428 2794 saepe
1443 2739 1616 2789 obvium,
1643 2738 1712 2778 ubi
