1768 3034
309 144 403 191 116
771 145 970 191 LEONIS
999 144 1235 187 DIACONI

99 267 133 297 Α.
156 265 197 297 Μ.
217 262 305 300 6479
314 261 385 313 τῆς
407 254 619 311 ἀβουλίας,
658 253 822 309 ὁπηνίκα
851 250 979 311 ψήφῳ
1003 255 1084 294 τῶν
1106 249 1241 305 νόμων
1266 257 1355 301 ταῖς
1376 252 1618 306 θανασίμοις
1634 267 1724 294 ποι-

141 312 207 342 Ind.
225 309 267 346 14

99 356 169 388 Fol.
186 354 253 391 804
271 366 298 388 r.

311 333 396 373 ναῖς
416 321 789 379 παραπέμποισθε.”

410 389 458 446 γ’.
497 387 662 443 Ταύτην
683 387 703 430 ὁ
729 391 875 435 Φωκᾶς
890 383 1057 446 ,Βάρδας
1077 384 1304 441 ἀπειληφὼς
1322 385 1393 439 τὴν
1413 384 1594 441 γραφὴν,
1617 384 1727 426 ἀντί-

309 474 447 514 γραφα
466 456 537 509 μὲν
561 456 632 496 οὐκ
652 456 816 509 ἠξίωσεν
836 454 1119 494 ἀντεπιστεῖλαι
1140 453 1239 508 πρὸς
1260 452 1452 505 βασιλέα·
1487 449 1727 506 λοιδορησά-

310 541 429 578 μενος
447 524 490 564 δὲ
508 522 649 572 αὐτὸν,
687 523 752 562 καὶ
770 519 963 575 βδελυρὸν
982 521 1047 560 καὶ
1067 517 1272 574 ἀλάστορα
1302 516 1503 572 ὀνομάσας
1510 549 1525 570 ,
1562 519 1628 559 καὶ
1654 522 1760 563 τοῦὅ

310 592 446 646 γένους
464 588 712 636 ἀποκαλέσας
729 591 979 640 παλαμναῖον
999 584 1222 640 αὐτόχειρα,
1246 589 1326 627 τῶν
1343 585 1581 640 τυραννείων
1599 586 1728 626 κατιέ-

312 675 377 699 ναι
406 653 669 710 παρήγγειλεν,
725 652 834 710 αὖτῷ
862 653 938 708 γὰρ
963 656 1117 705 μᾶλλον
1146 650 1301 706 ἀνήκειν
1326 652 1400 706 τὴν
1426 655 1497 706 τῆς
1521 650 1731 706 ἡγεμονίας

276 723 454 778 Οάρχὴν,
467 723 657 776 Καίσαρα
675 718 836 761 πάππον
854 718 1105 772 κομπάζοντι,
1128 720 1192 760 καὶ
1210 723 1323 760 θεῖον
1342 716 1631 775 αὐτοκράτορα.
1669 717 1727 770 ὃν,

315 791 437 846 φησὶ,
473 788 528 841 μὴ
548 787 775 841 πτοηθέντα
795 786 864 827 τὸν
882 791 954 839 τῆς
974 787 1084 838 δίκης
1110 785 1325 839 ἀκοίμητον
1347 785 1563 840 ὀφθαλμὸν
1570 817 1584 837 ,
1621 785 1731 841 παρὰ

315 856 388 909 τὴν
404 854 652 910 χαμαιῤῥιφῆ
674 853 882 908 στρωμνὴν
905 849 1175 907 ἔναποσᾳάξαι
1185 863 1215 903 ,*
1231 853 1342 905 δίκην
1359 850 1616 905 βοσκήματος
1629 864 1638 874 ·
1661 852 1730 894 τὸν
1742 861 1768 895 1«

316 921 447 978 φύντα
472 922 514 962 δὲ
532 922 596 962 καὶ
619 919 687 961 τὸν
706 921 899 975 φίλτατον
917 916 1116 971 ὁμαίμονα
1126 950 1139 969 ,
1171 917 1222 959 τὰ
1242 917 1406 971 πύματα
1423 917 1634 966 παθόντας
1651 920 1730 959 δει-

315 989 388 1040 νὰ,
427 987 483 1029 ἔπ’
516 985 677 1040 ἀδήλοις
706 988 771 1027 καὶ
803 986 1099 1033 ἀναποδείκτοις
1131 983 1354 1041 προφάσεσι
1385 989 1456 1026 τοῦ
1486 983 1730 1039 γλυκυτάτου

317 1059 506 1110 στερῆσαι
528 1051 683 1109 φωτός”
720 1050 779 1101 οἷς
803 1052 977 1107 τιμωρὸν
996 1049 1154 1100 πάντως
1183 1049 1305 1093 αὑτὸν
1332 1050 1548 1107 ἐπαφήσειν
1569 1051 1643 1105 τὴν
1670 1053 1730 1093 δι’-

318 1139 413 1174 κην,
449 1124 521 1162 τοῦ
552 1118 735 1173 ὁμογνίου
765 1120 932 1171 αῗματος
962 1116 1238 1166 ἕπταπλασίως
1266 1119 1471 1160 ἐκτίσοντα
1489 1118 1535 1160 τὸ
1554 1117 1731 1160 ἀνταπό-

319 1190 425 1240 δομα
434 1219 447 1238 ,
484 1190 541 1242 τῷ
561 1186 806 1242 πανολεθρίᾳ
824 1185 870 1226 τὸ
889 1192 1066 1239 γενναῖον
1092 1187 1158 1226 καὶ
1183 1183 1354 1239 ἡρωϊκὸν
1373 1188 1501 1241 φῦλον
1522 1185 1731 1239 παραπέμ-
1743 1192 1768 1226 l}

1715 1250 1729 1264 c

318 1266 396 1307 ψαι
425 1251 725 1307 σκαιωρήσαντι.
779 1255 862 1292 τῶν
887 1247 958 1292 οὖν
984 1248 1174 1293 τοιούτων
1198 1252 1517 1305 ἀπονενοημένων
1546 1250 1674 1306 λόγων
1709 1269 1731 1292 ο

318 1317 576 1374 αὐτοκράτωρ
592 1316 776 1371 Ἰωάννης
795 1318 1021 1365 ἒνωτισθεὶς
1031 1349 1044 1368 ,
1082 1319 1147 1358 καὶ
1174 1318 1311 1372 γνοὺς,
1349 1318 1492 1359 ἀνίατα
1512 1318 1582 1359 τὸν
1603 1317 1731 1374 ἄνδρα

283 1391 471 1436 Βνοσεῖν,
507 1384 736 1439 ἦπειγμὲνον
765 1400 807 1424 τε
842 1384 942 1439 πρὸς
980 1384 1201 1439 διαρπαγὰς
1236 1386 1302 1425 καὶ
1341 1382 1489 1440 φόνους
1514 1384 1616 1436 μετὰ
1653 1389 1731 1426 τῶν

318 1451 586 1504 ἐπισπομένων
626 1453 866 1502 συνωμοτῶν
906 1450 1067 1503 ἀπηνῶς
1107 1452 1172 1491 καὶ
1211 1449 1536 1507 ἀφιλανθρῶπως
1571 1458 1728 1506 χωρεῖν,

318 1520 491 1568 συνεῖδε,
527 1517 664 1570 μηκέτι
685 1516 902 1568 διαμέλλειν
929 1515 955 1569 ἢ
981 1516 1177 1573 ῥᾳθυμεῖν
1183 1548 1197 1568 ,
1238 1515 1292 1565 ὥς
1315 1518 1372 1572 μὴ
1395 1522 1444 1574 τῇ
1463 1516 1629 1573 τοιαύτῃ
1657 1517 1768 1575 (ἴα-8

317 1583 450 1638 στώνῃ
481 1582 617 1638 καιρὸν
647 1583 759 1635 σχοίη
791 1581 837 1623 τὸ
876 1587 956 1636 τοῦ,
986 1581 1214 1624 ἀποστάτου
1246 1581 1441 1639 ἑταιρικὸν
1449 1615 1463 1635 ,
1501 1585 1566 1624 καὶ
1602 1583 1733 1633 πόλεις

317 1654 506 1705 πορθεῖν,
543 1650 609 1690 καὶ
646 1650 699 1696 εἷς
736 1650 894 1701 μείζονα
924 1647 1176 1703 ε’ξολισθήσοι
1205 1648 1417 1692 ἀπόνοιαν·
1453 1649 1546 1691 ἀλλ’
1579 1651 1622 1691 ἐκ
1651 1655 1731 1692 τῶν

318 1715 486 1758 ἐνόντων
495 1747 508 1767 ,
545 1714 635 1757 ὅποι
662 1716 861 1770 παρείκοι,
899 1715 1264 1765 ἀντικαθίστασθαι
1295 1721 1512 1773 κραταιῶς,
1549 1718 1616 1758 καὶ
1637 1717 1731 1766 τούς

403 1809 585 1886 22iitoFort.
607 1806 885 1853 ἐξολισθαίνειν,
911 1820 939 1843 s.
962 1805 1225 1856 ἕξολισθήσειν,
1247 1810 1437 1845 soloecismo
1462 1810 1571 1844 Leoni
1592 1822 1657 1845 non
1677 1810 1731 1845 in-

406 1865 445 1886 80
508 1877 518 1886 ι

315 1929 517 1988 nitebit’yos
545 1930 763 1973 temeritatis,
785 1929 916 1976 quando
938 1930 1069 1975 legibus
1093 1930 1230 1966 iudicati
1250 1932 1293 1967 ad
1313 1944 1452 1978 poenam
1475 1932 1649 1978 capitalem
1667 1933 1730 1968 du-

314 1985 443 2007 cemmi.

401 2019 434 2051 3.
459 2017 589 2057 Quibus
606 2018 727 2052 litteris
746 2021 907 2064 acceptis,
930 2021 1058 2054 Bardas
1076 2021 1205 2054 Phocas
1223 2032 1416 2065 responsum
1434 2021 1475 2055 ad
1494 2021 1729 2066 Imperatorem

314 2061 395 2094 dare
411 2062 500 2094 haud
521 2062 676 2105 dignatus
695 2069 745 2097 est
756 2077 766 2097 ι
790 2066 860 2106 sed,
877 2065 1058 2099 insectatus
1077 2077 1150 2098 eum
1166 2070 1203 2098 ut
1219 2066 1379 2109 impurum
1397 2070 1432 2098 et
1449 2066 1634 2107 scelestum,
1651 2079 1731 2100 suae

313 2106 423 2149 gentis
452 2111 571 2139 tetrum
598 2108 796 2150 parricidam
819 2115 939 2150 vocat,
971 2110 1080 2153 deque
1103 2110 1241 2152 imperio
1268 2111 1362 2143 iubet
1379 2111 1555 2145 decedere.
1600 2113 1730 2152 „Suum

312 2161 386 2183 esse
402 2150 523 2194 potius,
539 2153 773 2195 rempublicam
787 2165 920 2197 regere,
943 2154 1000 2198 qui
1015 2165 1110 2187 avum
1129 2155 1318 2194 Caesarem,
1334 2155 1390 2198 qui
1410 2160 1565 2199 patruum
1580 2155 1730 2200 Impera—
1766 2172 1768 2183 ·

312 2198 417 2228 torem
431 2195 559 2227 iactare
576 2196 716 2238 possit.’'
761 2198 920 2238 „Hunc‚''
943 2198 1065 2238 aiebat,
1088 2200 1156 2238 „ab
1174 2200 1269 2231 hoste
1283 2199 1394 2242 impio,
1419 2199 1614 2244 pervigilem
1632 2201 1730 2234 iusti-

311 2238 382 2272 tiae
406 2239 534 2271 oculum
553 2240 683 2273 minime
697 2243 838 2282 verenti,
859 2242 894 2274 in
913 2242 1014 2275 cubili
1030 2243 1117 2275 humi
1133 2247 1238 2275 strato
1253 2243 1347 2276 velut
1360 2244 1527 2277 victimam
1544 2244 1729 2289 iugulatum

312 2293 405 2316 esse:
435 2287 583 2327 patrem,
606 2285 808 2329 fratremque
831 2287 1053 2326 carissimum,
1089 2287 1319 2320 cruciamentis
1334 2289 1558 2322 acerbissimis
1574 2289 1728 2330 affectos,

309 2328 353 2360 ob
383 2327 527 2361 incertas
555 2339 673 2361 causas
696 2330 892 2373 minimeque
917 2331 1084 2363 convictos
1107 2332 1294 2365 dulcissima
1320 2334 1454 2366 orbatos
1479 2345 1551 2367 esse
1568 2333 1662 2366 luce:
1685 2334 1729 2367 ad
1764 2333 1768 2337 ’

307 2373 548 2416 parentandum
581 2373 710 2406 omnino
736 2375 789 2406 his
813 2386 897 2407 nunc
914 2387 950 2407 se
968 2374 1055 2408 mitti
1081 2386 1101 2408 a
1116 2376 1257 2417 iustitia,
1281 2380 1318 2409 ut
1338 2389 1399 2421 pro
1419 2383 1633 2421 cognatorum
1648 2389 1727 2411 san-

309 2416 411 2459 guine
438 2417 679 2460 septemplicem
704 2418 953 2452 retributionem
978 2420 1149 2462 persolvat
1174 2421 1240 2460 illi,
1273 2422 1328 2464 qui
1351 2422 1535 2466 praestanti
1554 2422 1727 2455 nobilitate

307 2461 492 2505 bellic-aque
502 2461 599 2494 laude
612 2461 757 2494 familiae
770 2463 939 2496 interitum
950 2468 1038 2496 esset
1052 2465 1291 2498 machinatus.”
1316 2466 1445 2505 Quibus
1461 2466 1648 2510 desperatis
1664 2477 1727 2499 vo-

306 2504 401 2537 cibus
417 2505 551 2546 auditis,
567 2506 704 2538 Ioannes
711 2507 907 2549 Imperator,
923 2508 1046 2540 certior
1061 2509 1181 2549 factus,
1204 2510 1378 2543 insanabili
1391 2511 1551 2544 hominem
1563 2510 1727 2543 caecitate
1754 2515 1768 2518 ”

306 2554 440 2593 captum
457 2550 652 2583 festinanter
670 2551 713 2583 ad
741 2551 942 2594 direptiones
960 2551 1143 2596 caedesque
1158 2554 1353 2588 crudelitate
1369 2560 1469 2598 atque
1486 2554 1726 2588 inhumanitate

306 2604 431 2626 summa
441 2605 513 2628 cum
525 2594 658 2628 essedis
675 2595 938 2639 conspirantibus
954 2607 1107 2640 pergere,
1128 2599 1256 2638 statuit,
1275 2610 1338 2632 non
1350 2599 1488 2642 amplius
1505 2599 1654 2632 cunctari
1664 2602 1724 2632 aut

302 2638 493 2680 quiescere,
518 2651 560 2672 ne
584 2639 740 2673 eiusmodi
764 2640 891 2673 desidia
904 2640 1009 2673 locum
1030 2641 1126 2675 daret
1144 2643 1283 2675 factioni
1301 2644 1482 2677 defecturis
1501 2647 1570 2676 tum
1591 2643 1723 2676 urbium

300 2683 577 2724 populandarum,
599 2689 668 2718 tum
685 2684 728 2717 ad
749 2685 904 2718 maiorem
924 2684 1083 2718 insaniam
1107 2687 1318 2729 prolabendi:
1350 2698 1464 2721 verum
1483 2688 1563 2721 totis
1575 2687 1722 2727 ¹viribus,
1764 2719 1768 2722 ,

301 2735 497 2772 quacunque
524 2729 662 2762 daretur
679 2729 831 2770 occasio,
853 2728 1024 2770 resistere,
1045 2731 1331 2777 adventantesque
1350 2732 1524 2777 repellere.
1564 2730 1720 2765 'Proinde
