1748 3094
249 170 350 218 444
705 178 755 225 C.
781 180 828 223 B.
857 178 1011 225 HAsn
1033 180 1234 227 NOTAE

248 282 369 322 finem
393 287 531 323 versus
547 281 666 323 habet
687 283 804 336 haec,
832 284 962 335 prima
989 299 1132 328 manu:
1137 279 1346 341 Εγρᾶφη·
1357 283 1391 340 ἦ
1411 290 1596 344 παροῦσα
1619 289 1686 343 βί-

100 349 140 385 Ρ-
161 350 231 386 217
252 354 347 420 βλος
367 353 494 409 οἰκείᾳ
511 354 610 408 χειρὶ
632 351 788 407 Νικήτα
816 361 965 396 ασπαθ.
1004 355 1522 411 (1].ε.πρωτοσπαθαρίου)
1541 358 1611 399 καὶ
1626 374 1687 412 γε-

247 406 409 463 γονότος
438 395 522 464 (liic
555 411 687 462 priore
715 411 914 463 scriptura
944 412 994 451 de
1021 412 1217 451 industria
1249 425 1356 451 erasa
1381 413 1600 454 interlitum
1629 421 1687 453 est

246 479 368 504 manu
392 479 468 504 sec.
499 467 758 535 δρουγγαρίου
780 470 853 508 τοῦ
874 469 1046 520 πλοΐμου
1069 468 1161 522 [sicz
1191 468 1367 520 sequitur
1396 469 1507 509 locus
1530 471 1687 509 lacera-

246 520 355 575 tusJ)
374 519 556 572 *άντου,
596 519 775 572 ἄδελφου
800 523 908 576 [inde
925 537 1064 562 manus
1091 523 1236 577 prima]
1266 521 1433 578 Μιχαηλ
1463 527 1686 592 πατρικίου,
1746 528 1748 531 ’

244 578 518 631 πραιπωσίτου
540 578 607 618 καὶ
631 577 770 630 βέστου
782 609 794 628 ,
822 576 1042 649 γεγονότος
1054 581 1410 634 πρωτοβεστιαρίου
1433 578 1683 652 Νικηφόρον,

244 636 320 674 τοῦ
340 635 590 687 φιλοχρίστου
610 631 825 675 δεσπότου·
855 634 969 684 ὄντος
989 632 1114 677 αυτοῦ
1131 636 1175 677 ἐν
1191 639 1250 691 τῷ
1268 638 1519 693 δεσμωτηρίῳ
1539 634 1686 690 ’Λφρι-

217 738 219 740 ‚
243 692 339 741 κῆς,
367 689 463 741 μηνὶ
481 691 732 746 Σεπτεμβρίῳ
756 691 830 731 ἶνδ.
848 688 895 733 ι’
921 691 990 732 καὶ
1013 688 1185 744 ἐπεδόθη
1204 693 1248 733 ἐν
1263 708 1318 732 τω
1337 696 1423 749 ναῷ
1439 709 1461 733 τ
1485 694 1590 741 [inde
1610 695 1685 732 de-

242 758 324 783 nuo
347 759 485 783 manus
508 747 700 796 secunda,
731 747 846 785 erasis
872 754 954 786 arte
979 748 1191 799 prioribus]
1215 763 1263 789 ου
1286 735 1405 803 ἁγίου
1426 749 1494 789 καὶ
1517 746 1684 798 ἐνδόξου

243 798 587 855 μεγαλομαρτυρος
608 803 804 855 Γεωργίου
822 806 894 843 τοῦ
911 801 1091 855 Ὅριᾶτου
1114 802 1229 870 [sit-J,
1258 805 1427 856 πλησίον
1443 803 1683 860 Θεομόρφου

240 857 342 909 [sicz
377 858 557 909 sequitur
577 871 697 896 manu
719 859 861 910 prima]
885 858 927 899 ἓν
956 859 1030 900 ἔτει
1050 856 1199 913 §vo-9¹,
1225 860 1301 900 ἶνδ.
1323 857 1385 901 ιδ’.
1440 861 1581 910 Vides,
1607 875 1683 914 pro

241 913 402 952 nomine
426 914 634 964 eeclesiae,
665 915 730 952 cui
754 915 838 967 ipse
860 915 1015 953 Nicetas
1037 916 1221 954 Codicem
1240 929 1263 954 a
1288 929 1328 954 se
1347 916 1538 968 scriptum
1561 918 1683 956 obtu-

242 969 363 1019 lerat,
391 983 537 1008 nomen
551 970 733 1021 alterius,
759 984 878 1022 penes
897 985 1013 1022 quam
1030 972 1225 1024 posterius
1245 972 1531 1022 asservabatur,
1560 974 1683 1012 fuisse

243 999 511 1064 substitutum.
573 1027 713 1064 Totam
740 1027 1067 1078 subscriptionem
1094 1028 1284 1066 dederunt
1313 1028 1393 1066 iam
1419 1028 1685 1068 Montefalco—

241 1081 330 1119 nius
350 1082 626 1134 Palaeograph.
651 1083 717 1124 45.
739 1085 782 1120 A.
806 1089 844 1120 et
869 1084 1118 1122 Confectores
1141 1083 1313 1134 Catalogi
1340 1097 1429 1123 mss.
1447 1084 1682 1128 Bibliothec.

240 1137 334 1187 Reg.
355 1137 403 1177 ΙΙ.
425 1138 492 1180 74.
512 1139 558 1175 D.
579 1139 633 1175 ita
653 1145 804 1188 tamen,
831 1145 878 1177 ut
898 1140 1013 1178 aliter
1032 1140 1206 1190 legerent
1225 1146 1340 1191 atque
1360 1153 1430 1191 ego
1449 1139 1491 1178 in
1511 1140 1682 1179 minimis

241 1193 494 1244 quibusdam,
525 1208 624 1245 quae
645 1195 747 1232 tanti
766 1208 847 1232 non
865 1201 960 1233 sunt
980 1201 1026 1233 ut
1050 1195 1116 1233 hic
1140 1197 1373 1237 referantur.
1431 1196 1580 1246 Annus,
1603 1210 1682 1248 quo

205 1250 236 1284 B
242 1255 444 1301 peraratus
476 1255 534 1287 est
560 1250 713 1300 Codex,
753 1251 926 1289 excurrit
951 1251 995 1289 in
1022 1265 1055 1290 a.
1079 1251 1225 1290 Christi
1252 1255 1353 1296 967:
1392 1265 1470 1303 quo
1498 1253 1684 1291 ecclesiae

241 1305 433 1354 donatus,
470 1305 515 1342 in
542 1319 577 1345 a.
605 1309 698 1349 971.
723 1313 991 1358 monstratque
1013 1307 1232 1358 scriptura,
1262 1307 1371 1346 hunc
1391 1308 1567 1352 Nicetam
1587 1308 1681 1346 lite-

238 1367 370 1400 ratum
391 1361 510 1399 fuisse
530 1375 698 1412 suaeque
722 1363 878 1412 linguae
898 1376 1063 1413 gnarum
1086 1363 1308 1401 hominem:
1340 1363 1455 1401 cuius
1473 1364 1506 1401 si
1526 1370 1682 1402 tantum

240 1431 282 1455 se
301 1418 534 1455 declarasset
550 1418 747 1468 ingenium
764 1419 868 1456 bello
886 1419 1077 1468 obeundo,
1108 1425 1256 1470 quanta
1272 1419 1316 1456 in
1336 1418 1480 1457 Codice
1495 1433 1681 1471 pergran-

240 1474 281 1512 di
305 1473 502 1511 exarando
529 1473 654 1511 eluxit
680 1474 892 1527 patientia,
932 1488 1007 1513 nae
1035 1475 1137 1513 bene.
1157 1482 1246 1514 tum
1274 1475 1461 1513 Romanis
1483 1476 1527 1519 in
1540 1476 1680 1514 Sicilia

238 1530 376 1568 fuisset
393 1530 628 1567 consultum.

349 1584 451 1624 [bid.
481 1586 555 1625 lin.
580 1589 646 1629 20.
683 1581 838 1640 η’νιάθη
870 1584 944 1639 μὲν
975 1585 1084 1627 καὶ.
1116 1583 1319 1641 ,ἤλγησῇ
1357 1585 1546 1639 Respexit
1576 1585 1679 1638 Aga-

236 1641 359 1680 thiam
376 1644 443 1684 73.
460 1642 505 1680 Β.

348 1697 449 1737 ibid.
479 1698 550 1736 lin.
580 1699 646 1739 21.
675 1693 866 1738 nil-lomim)
898 1694 1134 1777 συμβαματι.
1143 1697 1165 1753 ]
1202 1698 1277 1738 Hic
1311 1697 1446 1739 deficit
1488 1697 1682 1737 Combefi-

235 1754 345 1792 siana
372 1754 524 1802 versio,
547 1753 638 1803 Pagi
653 1754 808 1795 1V.13-

346 1812 451 1861 Pog·
475 1813 540 1852 68
570 1811 639 1847 lin.
669 1810 707 1852 4-
748 1809 892 1850 ε’σεισεν
909 1809 934 1851 6
955 1807 1052 1858 Θεός
1071 1808 1183 1863 μέγα]
1212 1809 1289 1847 Hic
1304 1815 1360 1848 est
1378 1815 1502 1848 terrae
1526 1815 1677 1859 motus,

237 1879 354 1915 quem
384 1867 580 1904 Cedrenus
598 1866 647 1903 11.
674 1869 768 1908 660.
792 1866 836 1905 D.
860 1866 1046 1904 accidisse
1076 1866 1131 1904 ait
1153 1866 1292 1904 indict.
1316 1879 1374 1906 xn.
1397 1865 1447 1918 [a.
1476 1865 1587 1916 968.]
1606 1866 1674 1905 IV.

235 1921 338 1959 Non.
362 1922 578 1973 Septembr.
598 1921 697 1959 hora
717 1921 844 1959 noctis
867 1921 1129 1960 duodecima.-
1157 1935 1249 1960 nam
1272 1935 1346 1973 pro
1368 1920 1404 1974 β’
1429 1921 1474 1959 in
1493 1934 1590 1959 cuso
1608 1935 1674 1959 re-

235 1976 353 2014 stitue
377 1975 448 2028 ιβ’,
478 1991 527 2015 ex
545 1977 710 2015 Gedreni
727 1984 764 2016 et
784 1978 979 2029 Scylitzae
1001 1978 1122 2018 codd.
1142 1991 1231 2015 mss.
1251 1977 1371 2016 Paulo
1392 1983 1502 2026 ante,
1533 1990 1676 2028 nempe

234 2032 364 2083 pridie
390 2033 489 2073 Non.
514 2034 600 2072 Iun.
627 2033 747 2071 huius
778 2047 811 2072 a.
837 2037 940 2084 968,
971 2033 1354 2084 Constantinopolim
1373 2038 1537 2072 venerat
1555 2033 1676 2070 Luit-

231 2088 429 2139 prandus‚
462 2090 617 2127 Ottonis
644 2089 774 2139 Magni
796 2090 848 2127 ad
865 2090 1130 2141 Nicephorum
1155 2090 1327 2140 legatus,
1353 2095 1401 2126 ut
1426 2088 1511 2140 ipse
1536 2094 1673 2127 auctor

234 2149 293 2181 est
310 2145 438 2194 Legat.
457 2146 506 2182 ad
522 2145 687 2196 Niceph.
715 2144 831 2184 Phoc.
859 2146 951 2188 135.
973 2146 1016 2184 B.
1055 2145 1255 2192 Quantum
1271 2144 1322 2182 ad
1340 2144 1551 2183 dictionem
1571 2143 1611 2182 h.
1630 2145 1675 2195 l.,

234 2200 324 2238 fons
341 2199 566 2238 imitationis
586 2200 653 2238 hic
674 2214 831 2251 quoque
852 2207 910 2239 est
929 2200 1112 2252 Agathias
1130 2200 1196 2242 51.
1220 2200 1262 2239 C.
1286 2201 1331 2240 D.

345 2255 447 2293 Ibid.
479 2257 550 2293 lin.
578 2260 618 2298 9.
646 2257 785 2296 Αἴτιον
807 2255 851 2297 δὲ
874 2260 949 2308 τῆς
964 2253 1159 2307 τοσαύτης
1179 2252 1359 2307 ἕνόσεως]
1388 2255 1494 2294 Haec
1515 2269 1674 2307 quoque

200 2315 289 2350 Cex
307 2310 470 2362 Agathia
492 2312 618 2354 5213.
640 2317 700 2361 et,
725 2313 794 2349 ubi
815 2312 955 2350 similia
977 2312 1026 2350 ‹le
1053 2312 1176 2349 causis
1202 2317 1328 2349 terrae
1352 2318 1549 2361 motuum,
1580 2313 1674 2354 149.

234 2368 278 2406 B.
304 2381 349 2405 ac
370 2368 463 2410 151.
476 2367 520 2404 B.
548 2367 682 2416 Neque
702 2368 775 2404 alia
795 2369 875 2406 fere
891 2368 1106 2431 explicatio
1126 2373 1254 2406 terrae
1272 2373 1453 2405 motuum
1470 2368 1514 2405 in
1529 2368 1673 2405 Codice

234 2423 355 2474 Regio
374 2422 538 2475 physica
556 2436 600 2459 ac
617 2422 798 2460 butanica
815 2438 842 2461 v
844 2424 923 2461 aria
940 2438 1029 2461 mss.
1047 2423 1285 2461 continenti:
1314 2422 1357 2463 Ὀ
1372 2421 1529 2474 σεισμος
1546 2420 1673 2470 ου’τως

233 2480 300 2532 γίι
304 2492 404 2520 εται·
423 2495 450 2531 η
472 2481 526 2548 γῆ
547 2478 623 2530 ἔχει
640 2475 829 2530 φλέβας’
803 2477 1002 2532 αεριακοῖς,
1020 2479 1121 2519 ἔνθα
1132 2479 1174 2519 οἱ
1191 2476 1330 2531 ἄνεμοι
1350 2492 1670 2548 συγχωνευονται.

235 2535 318 2575 Καὶ
340 2535 431 2576 εἴσω
434 2532 521 2605 μὲν
541 2534 584 2575 ἐν
599 2537 649 2603 τῇ
667 2535 808 2589 καρδία
827 2538 898 2586 τῆς
912 2538 986 2587 γῆς
998 2535 1099 2575 εἰσὶν
1112 2537 1289 2574 πλατεῖαι
1305 2533 1373 2574 καὶ
1394 2530 1608 2586 ευρυχωροι
1628 2534 1675 2572 αἱ

235 2590 378 2643 φλέβες
400 2586 527 2639 αὗται,
547 2588 647 2630 noeto?
667 2588 708 2629 δὲ
726 2587 799 2640 τὴν
819 2588 919 2640 ὄψιν
935 2593 1012 2657 τῆς
1022 2593 1097 2643 γῆς
1118 2590 1192 2630 εἰσὶ
1209 2591 1412 2630 στενωποί.
1456 2587 1670 2640 Πληθομέκ-

232 2663 315 2686 νων
341 2645 477 2687 λοιπὸν
503 2661 585 2686 των
606 2646 764 2697 φλεβῶν
795 2644 959 2685 ἐκείνων
987 2642 1158 2698 οἷνὲμοις,
1177 2649 1362 2686 κινοῦσιν
1378 2644 1420 2685 οἷ
1435 2659 1575 2696 ανεμοι
1595 2646 1672 2684 τοῦ

232 2701 459 2753 ἔξέρχεσθαι
478 2702 561 2751 ἔξω.
582 2700 716 2748 Πολύς
736 2698 816 2741 δὲ
791 2716 850 2741 ων
869 2701 890 2742 6
910 2699 1055 2753 ὂῖνεμος
1068 2714 1334 2771 συνταραττει
1334 2703 1468 2740 πᾶσαν
1484 2715 1559 2751 την
1573 2703 1670 2751 πλη·
1743 2718 1746 2719 ’

235 2755 449 2804 σιάζουσαν
466 2761 555 2824 γῆν,
569 2753 619 2798 οὗ
635 2760 768 2797 πᾶσαν
784 2755 827 2796 δὲ
845 2772 921 2809 την
941 2761 1031 2808 γῆν,
1044 2755 1143 2797 ἄλλοῖ
1161 2755 1280 2809 μόνον
1289 2754 1363 2808 τὴν
1382 2754 1672 2824 παρακειμένην

233 2813 368 2855 ἐκεῖσε.
399 2814 481 2855 Καὶ
499 2810 612 2867 μήτις
632 2809 778 2869 ἐπιστῇ
787 2815 916 2855 τοῦτο
941 2811 1040 2856 Ἱδου
1054 2811 1128 2868 γὰρ
1139 2812 1205 2854 καὶ
1227 2813 1269 2854 ἐν
1280 2811 1378 2866 ημῖν
1387 2812 1534 2866 γίνεται
1543 2808 1585 2852 τὸ
1597 2825 1669 2851 πα-
