1768 3034
283 165 377 213 130
756 168 908 211 LEON
911 166 959 210 IS
987 165 1227 210 DIACONI

67 289 103 320 A.
122 286 166 318 Μ.
185 282 276 320 6480
285 283 487 323 Κελτικῶν
507 276 630 335 ὂρὲων
649 274 919 320 ἇναπιδύοντα
930 307 943 327 ,
982 270 1237 327 ἑλισσόμενόν
1254 289 1297 315 τε
1318 272 1385 315 διὰ
1406 277 1478 328 τῆς
1499 271 1710 330 Εὐρώπης,

99 331 237 386 ,lnd.15
284 350 376 400 καὶ,
415 349 469 396 εἷς
497 347 609 389 πέντε
632 343 870 398 τεμνόμενον
898 339 1104 394 στόματα,
1141 340 1213 382 τὸν
1244 339 1342 395 ῥοῦν
1369 339 1574 393 ἐσβάλλειν
1603 341 1715 397 παρὰ

281 415 353 457 τὸν
380 413 563 465 Πόντον,
603 412 647 460 ὃς
671 411 855 460 Εὔξεινος
885 407 1130 462 ὀνομάζεται.
1179 407 1282 460 τινξς
1309 407 1353 449 δὲ
1383 410 1522 449 Φισῶν
1548 408 1619 450 τὸν
1639 408 1713 462 τὴν

278 481 446 535 Ἰνδικὴν
474 481 667 532 τέμνοντα
700 482 773 532 γῆν
793 474 1021 531 τυγχάνειν,
1061 474 1106 516 ὃν
1127 475 1192 516 καὶ
1210 473 1370 529 Γάγγην
1388 473 1607 529 κικλήσκειν
1623 474 1713 517 eini—

279 554 383 592 θασι
394 581 407 600 ,
444 547 547 602 παρ’
571 541 603 603 ᾧ
626 546 885 600 ἐξευρίσκεται
906 541 926 585 ὃ
947 544 1065 591 λίθος
1086 540 1107 583 ὃ
1130 539 1374 597 σμάραγδος.
1720 552 1744 586 5

247 621 277 654 Β
383 613 438 668 β’.
470 613 581 656 Ἀλλ’
606 613 649 653 αἶ
665 613 738 665 μὲν
766 610 936 666 τριήρεις
955 614 1099 652 τοῦτον
1127 609 1198 651 τὸν
1219 607 1368 665 τρόπον
1395 607 1458 650 ἐπὶ
1476 607 1721 664 τόνἾστρον·

69 692 137 724 Fol.
156 689 224 725 308
246 699 271 721 r.
284 680 535 736 ἀνήχθησαν.
577 677 764 733 Ἰωάννης
784 680 827 721 δὲ
846 677 866 720 ὃ
887 675 1162 733 αὐτοκράτωρ,
1198 681 1272 718 τοῦ
1289 676 1513 728 Βυζαντίου
1533 674 1710 732 ἀπάρας,

283 752 324 798 ἐς
355 747 429 801 τὴν
452 747 664 803 Ἀδριανοῦ
699 747 772 787 σὺν
802 747 919 787 παντὶ
948 750 1005 801 τῷ
1042 742 1310 800 στρατεύματι
1338 744 1607 799 παραγίνεται.
1662 742 1714 797 ἢν

278 815 470 871 Ὀρέστην
499 816 599 870 φασὶ
626 814 786 855 πολίσαι
815 813 886 854 τὸν
915 816 987 853 τοῦ
1013 810 1329 865 Ἀγαμέμνονος,
1369 810 1433 852 ὅτε
1462 809 1532 852 τὸν
1562 807 1713 851 πλάνον

281 882 432 935 ὑπέστη
453 881 554 934 μετὰ
573 880 646 934 τὴν
676 880 875 931 ἀναίρεσιν
892 877 1277 933 Κλυταιμνήστρας,
1314 881 1387 931 τῆς
1404 877 1509 926 ἰδιάς
1533 876 1709 932 μητρός·
1725 888 1768 921 10

284 951 327 999 ἐξ
354 950 500 990 ἐκείνου
529 964 571 989 τε
595 946 833 1002 Ὀρεστιάδα
861 950 1080 1000 κεκλῆσθαι
1099 945 1145 987 τὸ
1175 943 1381 1001 πρότερον.
1433 944 1642 1000 Ἀδριανὸν
1668 944 1712 985 δὲ

283 1012 407 1064 αὖθις
438 1015 509 1057 τὸν
548 1012 827 1070 αὐτοκράτορα
836 1046 849 1065 ,
896 1011 1079 1061 Σκύθαις
1113 1011 1362 1066 μαχόμενον,
1410 1009 1565 1052 ἁλῶναί
1589 1027 1631 1053 τε
1660 1015 1712 1066 τῇ

281 1084 393 1126 θέσει
421 1087 494 1137 τῆς
517 1080 655 1138 χώρας
664 1113 676 1132 ,
714 1083 780 1122 καὶ
807 1078 957 1135 ταύτην
986 1081 1142 1135 ἐχυροῖς
1169 1077 1394 1135 περιβόλοις
1421 1079 1607 1132 τειχίσαι,
1644 1080 1710 1120 καὶ

245 1151 490 1206 ΟἈδριανοῦ
523 1147 732 1202 ὀνομάσαι.
791 1149 971 1190 ἐνταῦθα
993 1148 1037 1189 δὲ
1056 1145 1077 1188 ὃ
1104 1146 1293 1200 βασιλεὺς
1312 1144 1572 1202 ἀφικόμενος,
1610 1145 1711 1187 ἀνα-

278 1216 429 1272 μαθών
450 1234 491 1258 τε
511 1216 610 1272 πρὸς
637 1219 717 1257 τῶν
739 1220 920 1266 σκοπῶν,
960 1212 1014 1263 ὥς
1033 1212 1250 1269 ἓπάγουσαι
1273 1215 1327 1262 εἷς
1355 1213 1429 1267 τὴν
1448 1217 1528 1255 τῶν
1548 1214 1710 1254 Μυσῶν
1722 1216 1768 1257 15

289 1285 528 1338 δυσέμβολοι
555 1284 620 1324 καὶ
643 1283 895 1335 ε’στενωμένοι
917 1280 1127 1337 ἀταρπιτοὶ
1136 1313 1150 1332 ,
1189 1280 1239 1330 ἃς
1263 1282 1329 1322 καὶ
1351 1278 1604 1335 κλεισούρας,
1642 1279 1709 1321 διὰ
1763 1284 1768 1289 ’

279 1352 326 1394 τὸ
356 1351 475 1393 οἱονεὶ
502 1354 852 1400 κατακεκλεΐσθαι,
899 1346 1235 1401 κατονομάζουσι,
1282 1347 1392 1403 παρὰ
1423 1351 1504 1389 τῶν
1532 1350 1709 1388 Σκυθῶν

281 1419 329 1461 οὐ
356 1416 761 1474 παραφυλάττονται,
799 1416 894 1464 τοὺς
923 1415 1118 1470 λοχαγοὺς
1146 1417 1212 1455 καὶ
1241 1413 1479 1470 ταξιάρχους
1510 1429 1708 1468 συναγηο-

275 1486 381 1541 χώς,
420 1485 520 1534 ἔλεξε
538 1482 693 1526 τοιάδε·
729 1482 903 1536 ,,’Ώιμην
923 1483 1017 1536 μὲν,
1045 1477 1077 1524 ὦ
1096 1486 1411 1538 συστρατιῶται,
1450 1479 1618 1529 Σκύθας
1635 1480 1709 1534 τὴν

277 1552 473 1608 ’ἡμετέραν
493 1550 547 1600 ὥς
564 1550 711 1599 αὐτοὺς
730 1551 771 1590 ἐκ
789 1554 939 1591 πολλοῦ
958 1551 1269 1605 προσδοκῶντας
1286 1548 1441 1605 ἄφιξιν,
1466 1543 1585 1589 παντὶ
1607 1538 1768 1591 σθέ--ΞᾶΙ

277 1638 333 1662 νει
355 1620 406 1661 τὰ
427 1616 707 1675 ἐπικαιρότατα
732 1619 798 1658 καὶ
820 1614 1061 1668 στενώτατα,
1102 1614 1362 1672 δυσπρόσοδά
1379 1632 1445 1667 τε,
1482 1618 1563 1656 τῶν
1581 1613 1708 1669 ἀταρ-

278 1691 427 1739 πιτῶν,
473 1690 656 1742 θριγκοῖς
686 1701 765 1726 τισι
801 1686 867 1726 καὶ
896 1682 1040 1740 ἓρκίοις
1067 1687 1313 1737 συγκλεῖσαι,
1362 1681 1416 1731 ὥς
1442 1681 1499 1736 μὴ
1537 1680 1709 1729 εὐπετῶς

278 1753 373 1808 ἡμῖν
403 1754 460 1807 εἴη
499 1756 553 1802 εἷς
581 1752 633 1794 τὰ
660 1750 798 1807 πρόσω
830 1750 1036 1805 εἶσιτητέα.
1093 1751 1173 1791 ἐπεὶ
1199 1752 1243 1792 δὲ
1270 1748 1296 1804 ἦ
1326 1754 1398 1798 τοῦ
1423 1750 1538 1790 θείου
1555 1746 1707 1801 Πάσχα

242 1822 480 1868 Βέπέλευσις
508 1821 653 1875 ἔσφηλε
679 1817 871 1870 τούτους,
909 1819 1374 1874 προκατασφαλίσασθαι
1400 1815 1474 1864 τὰς
1499 1813 1618 1864 ὁδοὺς
1640 1816 1706 1856 καὶ

365 1905 400 1938 5.
441 1901 656 1948 σμάραγδος.
706 1902 784 1936 Vid.
816 1904 943 1937 Genes.
976 1901 1022 1935 IL
1054 1903 1111 1938 12.
1213 1903 1247 1937 6.
1284 1898 1378 1937 ’.ἀλλ’
1410 1899 1452 1936 αὶ
1482 1898 1561 1944 μέν.
1610 1894 1706 1934 Ἀλλά

365 1947 431 1992 μὲν
454 1950 526 1983 cod.
618 1946 670 1982 14.
703 1946 754 1983 δέ.
783 1948 877 1982 Fort.
901 1946 960 1992 δή.

276 2014 355 2049 ticis
373 2018 555 2048 eructatum
575 2026 636 2058 per
650 2014 819 2058 Europam
834 2014 937 2055 volvi,
959 2016 1005 2054 et,
1024 2013 1060 2046 in
1077 2013 1224 2057 quinque
1239 2012 1352 2056 capita
1362 2012 1485 2052 fissum,
1506 2011 1541 2044 in
1559 2011 1705 2044 Pontum

275 2059 438 2101 influere,
461 2060 518 2103 qui
533 2059 684 2092 Euxinus
710 2060 904 2092 nominatur.
960 2058 1026 2092 Alii
1048 2058 1225 2091 Phisonem
1251 2057 1454 2091 arbitrantur
1478 2056 1599 2089 flumen
1615 2056 1706 2099 quod
1760 2079 1762 2081 >

277 2104 406 2138 Indiam
434 2104 635 2145 intersecet,
668 2104 823 2148 Gangem
851 2104 953 2147 vulgo
980 2107 1153 2144 vocatum,
1188 2103 1248 2136 ubi
1275 2101 1470 2144 smaragdus
1493 2100 1580 2146 lapis
1606 2101 1705 2134 inve-

277 2149 378 2183 nitur.
1763 2152 1768 2154 “

368 2196 401 2228 2.
425 2193 594 2227 Triremes
619 2193 693 2225 dum
724 2193 772 2226 sic
798 2193 840 2226 ad
865 2192 988 2226 Istrum
1015 2191 1244 2235 adnavigant,
1265 2192 1407 2225 Ioannes
1428 2190 1530 2235 Imp.‚
1552 2189 1596 2223 ab
1618 2189 1705 2223 urbe
1758 2188 1766 2217 T·

277 2239 469 2283 profectus,
499 2238 747 2281 Adrianopolim
771 2239 918 2270 omnibus
946 2237 1049 2281 copiis
1080 2238 1185 2270 venit.
1239 2237 1315 2270 Hoc
1340 2235 1494 2281 oppidum
1517 2235 1560 2268 ab
1580 2234 1704 2268 Oreste
1762 2231 1768 2240 ’“

277 2283 529 2327 Agamemnonis
544 2283 585 2316 F.
605 2294 677 2315 cum
698 2286 774 2326 post
795 2283 1080 2325 Clytaemestrae
1101 2282 1217 2314 matris
1237 2282 1371 2315 caedem
1390 2293 1432 2314 ex
1447 2291 1561 2314 errore
1577 2279 1704 2312 substi-

276 2329 387 2369 tisset,
405 2328 573 2361 conditum
585 2338 656 2360 esse
677 2327 920 2360 demonstrant:
944 2328 1022 2360 inde
1038 2326 1131 2370 prius
1142 2326 1354 2360 Orestiadem
1373 2326 1574 2371 appellatum
1587 2323 1702 2357 fuisse.
1761 2329 1768 2343 .-

278 2374 451 2407 Posterius
476 2373 655 2406 Adrianum
682 2371 878 2412 Caesarem,
902 2383 974 2405 cum
1000 2371 1138 2415 Scythis
1162 2371 1356 2413 bellantem,
1381 2372 1448 2404 situ
1477 2370 1544 2404 loci
1560 2373 1703 2413 captum,

279 2417 537 2463 propugnaculis
552 2416 656 2450 firmis
673 2417 900 2456 communisse,
919 2422 1021 2460 atque
1043 2415 1292 2460 Adrianopolim
1309 2416 1504 2450 nominasse.
1538 2415 1590 2447 Eo
1610 2416 1702 2458 post-
1757 2427 1768 2445 τ

278 2474 376 2507 quam
393 2463 579 2507 Imperator
595 2460 765 2506 pervenit,
784 2462 826 2494 ab
848 2460 1112 2505 exploratoribus
1130 2461 1255 2494 certior
1271 2462 1381 2494 sactus
1398 2465 1469 2501 est,
1492 2459 1643 2492 tramites
1665 2458 1702 2490 in

277 2508 440 2541 Moesiam
455 2511 605 2551 agentes,
627 2505 783 2538 difficiles
798 2505 874 2538 illos
890 2506 1024 2550 quidem
1039 2510 1074 2538 et
1090 2510 1322 2549 perangustus,
1345 2517 1428 2550 quos
1443 2505 1523 2538 inde
1541 2503 1700 2540 Clisuras,

277 2552 368 2595 quod
395 2552 493 2598 quasi
517 2551 622 2585 clausi
648 2550 732 2590 sint,
766 2555 908 2590 vocant,
932 2562 952 2583 a
967 2549 1103 2593 Scythis
1120 2550 1249 2584 minime
1267 2550 1441 2584 custodiri.
1487 2549 1604 2588 Quare
1621 2557 1702 2580 con-
1756 2546 1762 2552 '

277 2598 412 2630 vocatis·
425 2596 672 2631 centurionibus
688 2600 724 2629 et
739 2595 880 2627 tribunis
892 2595 926 2627 in
938 2595 1025 2628 hunc
1042 2599 1097 2627 est
1114 2595 1244 2628 modum
1257 2595 1407 2629 locutus:
1425 2592 1700 2635 „Existimabam‚
1752 2611 1766 2631 ,ᾖ

278 2642 535 2683 commilitones,
557 2640 698 2685 Scythas
711 2664 722 2680 ‚
749 2643 899 2673 nostrum
917 2639 959 2671 ad
987 2640 1079 2683 ipsos
1107 2639 1283 2674 adventum
1309 2639 1432 2673 iamdiu
1454 2640 1700 2682 exspectantes,

277 2687 365 2718 omni
388 2698 488 2731 opera
508 2685 773 2731 opportunitates
791 2684 1029 2728 angustiasque
1055 2685 1195 2718 saltuum
1211 2690 1245 2718 et
1269 2685 1397 2718 viarum
1413 2682 1519 2726 septis
1534 2681 1700 2724 vallisque
1757 2690 1763 2723 ξ

272 2728 508 2771 interclusisse,
532 2743 574 2764 ne
590 2731 661 2764 sine
677 2729 877 2763 difficultate
898 2729 988 2762 ultra
1006 2730 1163 2773 progredi
1186 2741 1367 2774 possemus.
1413 2728 1524 2767 Nunc,
1548 2726 1700 2770 quando·
1752 2723 1768 2762 qi·

270 2774 402 2817 quidem
429 2775 535 2810 divini
550 2774 726 2811 Paschatis
750 2773 913 2809 adventus
934 2773 972 2808 in
988 2784 1089 2808 causa
1106 2774 1172 2808 illis
1190 2775 1276 2816 fuit,
1301 2784 1368 2820 quo
1386 2772 1491 2807 minus
1509 2768 1698 2817 praeseptis
1747 2780 1761 2801 ’ῑ
