1748 3094
427 185 505 228 AD
531 183 734 232 NICEPH
745 185 908 229 ORUM
931 184 1183 230 PHOCAM.
1396 182 1495 228 363

75 292 187 331 Tunc
195 290 366 343 appositi
379 296 475 329 sunt
489 289 681 337 custodes,
701 288 770 339 qui
788 289 884 327 mihi
899 296 939 329 et
955 290 1052 329 meis
1071 303 1093 328 a
1109 290 1225 328 domo
1241 303 1324 329 mea
1345 291 1494 330 exitum

73 357 335 411 prohiberent.
361 357 520 396 Latinae
528 357 686 406 linguae
703 369 903 407 pauperes,
917 359 987 409 qui
994 370 1056 395 me
1066 358 1392 408 eleemosynarum
1408 365 1536 409 gra-B

74 425 132 463 tia
148 424 346 475 adierunt,
366 423 739 476 comprehendentes
755 423 999 474 ceciderunt,
1017 424 1215 463 custodiae
1230 423 1496 463 tradiderunt:

77 492 347 530 Graecolonon
365 504 507 539 meum,
526 490 568 528 id
588 496 646 528 est
657 490 824 528 Graecae
842 490 996 542 linguae
1012 504 1185 542 gnarum,
1198 504 1281 530 non
1296 491 1501 542 permitte·-

75 557 172 595 bant
188 558 330 608 egredi,
351 558 486 595 saltem
507 563 555 595 ut
572 563 751 608 sumptus
771 564 926 607 emeret,
947 559 1013 597 sed
1031 571 1169 596 cocum
1188 559 1312 597 solum
1331 559 1499 597 Graecae

76 623 228 674 linguae
236 623 410 675 ignarum
420 637 432 662 =
452 623 521 676 qui
530 636 612 662 non
621 623 818 673 signorum
828 624 960 675 signis,
967 626 1034 664 sed
1046 625 1267 675 digitorum,
1278 637 1349 663 seu
1359 625 1497 677 capitis

76 691 234 729 nutibus
251 704 341 729 cum
358 691 563 729 venditore
573 696 729 741 emptor
741 690 992 741 loquebatur3
1012 692 1189 742 tantique
1207 692 1375 731 nummis
1395 706 1499 731 eme-

76 757 144 795 bat
159 763 346 809 quatuor,
374 756 510 807 quanti
527 756 798 795 Graecolonon
813 758 1015 797 obsonium
1030 772 1125 797 uno.
1181 759 1231 797 Et
1249 772 1337 797 cum
1353 760 1502 798 amico-

76 837 166 863 rum
185 824 342 876 quidam
358 830 551 871 mmsis,
579 837 717 875 panes,
744 824 903 873 vinum,
931 837 1047 878 poma
1072 825 1266 871 mitteret3
1295 827 1378 864 solo
1398 839 1501 864 cuu-

78 897 141 929 cta
164 891 392 941 fundentes,
418 888 585 937 nuncios
611 891 785 943 colaphis
816 891 909 930 satis
939 899 1119 931 oneratos
1148 892 1396 930 dimiserunt.
1454 893 1503 931 Et

77 958 157 997 nisi
184 958 319 997 divina
345 957 469 1009 pietas
491 963 664 1008 parasset
688 958 732 995 in
763 965 975 1010 conspectu
1007 973 1093 998 meo
1121 972 1291 997 mensam
1315 959 1503 998 adversus

78 1038 165 1075 eos,
194 1026 261 1076 qui
279 1024 472 1063 tribulant
493 1036 575 1070 me,
600 1037 680 1061 una
694 1023 791 1062 mihi
804 1032 941 1077 parata
961 1039 1066 1064 mors
1089 1027 1189 1064 soret
1206 1032 1377 1077 accepta.
1426 1025 1504 1064 Sed

79 1092 148 1143 qui
172 1092 348 1143 permisit
376 1090 539 1138 tentari,
568 1090 677 1128 dedit
694 1097 790 1128 tunc
814 1092 1117 1131 misericorditer
1143 1093 1238 1146 pati.
1301 1093 1505 1131 Huiusce—

78 1159 186 1196 modi
205 1172 267 1197 me
280 1157 499 1210 pericuium
518 1158 689 1195 secundo
706 1159 903 1197 Nonarum
919 1159 1019 1196 Iunii
1040 1173 1158 1210 usque
1178 1159 1230 1197 ad
1249 1166 1400 1198 sextum
1420 1160 1502 1197 No·
1516 1167 1546 1201 c

78 1238 149 1263 nas
167 1225 371 1274 Octobris,
401 1223 736 1275 Constantinopoli
755 1225 892 1262 diebus
913 1225 1063 1264 scilicet
1085 1233 1243 1264 centum
1259 1226 1399 1277 viginti
1418 1239 1504 1263 ma-

80 1293 240 1330 ceravit.
294 1292 440 1330 Verum
456 1298 502 1330 ut
519 1298 752 1343 augerentur
769 1291 1006 1329 calamitates
1022 1305 1137 1341 meae,
1166 1294 1208 1330 in
1231 1293 1506 1343 Assumptione

80 1359 242 1397 Sanctae
258 1358 328 1397 Dei
349 1359 557 1396 Genitricis
585 1366 624 1397 et
646 1358 814 1408 Virginis
843 1357 1004 1407 Mariae,
1033 1371 1117 1396 meo
1141 1359 1271 1396 omine
1296 1371 1377 1395 non
1402 1359 1506 1396 bono

78 1432 271 1464 venerunt
293 1425 447 1464 Domini
471 1426 702 1477 Apostolici‚
732 1430 770 1464 et
787 1424 1016 1462 universalis
1041 1425 1164 1476 Papae
1184 1424 1344 1462 Ioannis
1370 1423 1508 1461 nuncii

81 1505 171 1530 cum
196 1491 342 1542 literis,
368 1493 507 1543 quibus
530 1494 719 1544 rogabant
743 1490 1005 1545 Nicephorum
1033 1489 1313 1543 Imperatorem
1336 1490 1509 1527 Graeco-

81 1571 190 1607 rum,
227 1565 273 1596 ut
299 1560 537 1610 parentelam
564 1560 788 1611 firmamque
818 1558 1025 1598 amicitiam
1065 1559 1210 1596 faceret
1236 1570 1330 1596 cum
1356 1557 1511 1605 dilecto,

82 1625 351 1676 spiritualique
376 1625 459 1663 filio
487 1638 557 1664 suo
583 1628 727 1665 Ottone
756 1629 1017 1665 Romanorum
1056 1626 1293 1677 Imperatore
1316 1624 1508 1673 Augusto.

82 1691 192 1739 Quae
213 1705 314 1737 vox,
344 1705 442 1742 quae
466 1693 670 1744 inscriptio
698 1694 911 1732 secundm
936 1694 1103 1731 Graecos
1128 1692 1353 1744 peccatrix,
1382 1697 1422 1727 et
1446 1697 1511 1728 te-

82 1758 267 1807 meraria,
296 1759 491 1809 quomodo
514 1760 673 1797 latorem
695 1774 776 1797 non
797 1760 983 1798 occiderit
991 1773 1003 1806 3
1033 1773 1104 1797 cur
1122 1759 1351 1810 priusquam
1378 1756 1511 1793 laede-

83 1832 214 1873 retur,
243 1838 322 1862 non
346 1827 600 1876 oppresserit,
633 1827 757 1877 quiin
779 1827 864 1863 aliis
884 1827 998 1864 rebus
1027 1839 1141 1877 saepe
1165 1825 1304 1862 videor
1334 1836 1511 1874 spermo-

84 1891 197 1941 logus
225 1897 264 1928 et
287 1892 540 1941 multisonus,
567 1893 609 1929 in
626 1892 719 1941 hac,
747 1899 791 1929 ut
812 1893 948 1943 piscis,
975 1893 1117 1930 videor
1138 1892 1310 1929 insonus.
1362 1889 1549 1931 Obiur—I)

84 1958 225 2008 gabant
249 1958 388 1996 Graeci
407 1972 532 2008 mare,
559 1959 871 2010 imprecabantur
899 1960 1077 2009 aequori,
1115 1959 1206 2010 plus
1229 1959 1333 1996 iusto
1362 1959 1508 1994 miran-

84 2031 164 2072 tes,
193 2038 264 2062 cur
287 2031 489 2077 peccatum
520 2026 621 2063 illud
646 2033 800 2078 portare
828 2026 1022 2077 potuerit,
1052 2040 1120 2064 cur
1144 2027 1284 2063 fretum
1306 2024 1506 2062 dehiscens

83 2093 214 2129 navim
241 2106 323 2130 non
353 2093 608 2131 obsorbuerit.
672 2094 967 2145 Imperatorem,
1002 2093 1213 2144 inquiunt,
1248 2092 1504 2129 universalem

85 2158 366 2208 Romanorum,
394 2161 620 2209 Augustum,
649 2174 827 2210 magnum
841 2189 852 2207 ‚
877 2160 1004 2197 solum
1021 2160 1165 2212 Niceph
1177 2172 1287 2196 orum
1305 2159 1507 2209 scripsisse

88 2226 342 2276 Graecorum,
368 2225 562 2263 hominem
587 2227 786 2277 quemdam
815 2227 1044 2276 barbarum,
1072 2238 1287 2279 paupe-rem
1307 2227 1505 2263 Romano-

86 2304 175 2328 rum
199 2305 281 2328 non
306 2293 441 2343 piguit.
498 2294 532 2331 Ο
562 2294 732 2342 caelum,
762 2308 783 2331 o
811 2300 936 2342 terra,
974 2308 998 2331 o
1025 2296 1151 2332 mare!
1190 2293 1272 2332 Sed
1298 2292 1414 2343 quid,
1441 2292 1505 2328 in-

87 2357 247 2409 quiunt,
276 2358 457 2397 faciemus
477 2360 699 2397 bominibus
718 2360 803 2397 istis
821 2361 1014 2399 sceleratis
1026 2391 1039 2411 ,
1068 2358 1301 2399 criminosis.
1356 2359 1507 2407 Paupe-

86 2437 149 2461 res
170 2429 282 2472 sunt,
311 2430 351 2461 et
366 2425 398 2461 si
422 2438 486 2462 eos
508 2428 742 2474 oocidjmus,
771 2440 907 2464 manus
930 2434 1082 2466 nostras
1107 2428 1296 2478 sanguine
1318 2424 1388 2461 vili
1410 2423 1508 2473 pol-

85 2491 248 2538 luimus;
277 2490 442 2541 pannosi
458 2499 565 2541 sunt,
594 2494 696 2533 servi
713 2499 821 2542 sunt,
849 2494 987 2532 rustici
1002 2501 1113 2543 sunt3
1142 2495 1177 2532 si
1191 2507 1254 2532 eos
1269 2490 1509 2539 flagellamus

86 2569 167 2594 non
183 2557 302 2607 ipsos,
319 2555 387 2593 sed
398 2569 467 2593 nos
484 2557 771 2606 dedecoramus,
792 2561 1117 2611 quinecRomana
1138 2560 1285 2598 scutica
1304 2556 1506 2603 deaurata,

98 2635 160 2660 τεο
182 2622 406 2660 huiusmodi
429 2629 521 2660 sunt
545 2626 726 2663 crucibus
749 2626 869 2677 digni.
925 2627 959 2664 Ο
983 2628 1133 2664 utinam
1153 2627 1251 2663 alter
1277 2624 1550 2675 Epi=³c⁰pus7E

109 2693 183 2725 &er
196 2688 368 2726 Mar-:hio
390 2695 510 2727 esset:
539 2691 658 2728 culeis
682 2693 782 2730 enim
799 2693 877 2731 suti
892 2700 981 2745 post
999 2693 1155 2731 acerbos
1175 2692 1370 2740 virgarum
1391 2686 1509 2736 ictus,

110 2757 177 2795 Ptz
197 2754 337 2793 barbae
363 2768 432 2794 seu
466 2756 695 2807 capillorum
715 2759 1025 2808 distractionem,
1053 2760 1096 2796 in
1117 2770 1224 2796 mare
1240 2756 1510 2806 demergeren-
