1748 3094
156 194 232 237 DE
256 191 461 237 EXPED.
480 190 598 235 SYR.
622 190 734 235 NIC.
760 191 927 235 PHOC.
955 191 1035 235 ΕΤ
1060 191 1136 234 10.
1162 192 1321 237 TZIM.
1383 187 1481 235 377

47 297 208 337 alu-nm
237 296 409 338 ducitur.
467 296 566 334 Inde
593 295 960 347 Constantinopolin
984 294 1145 333 missum
1165 309 1269 335 anno
1296 297 1382 340 354
1399 312 1477 350 pa·-

8 356 10 358 ’
47 363 193 413 triciis,
221 377 321 415 quoa
347 362 524 416 captivos
544 363 709 413 fecerat,
737 362 859 412 datis,
887 361 1130 401 Seifeddnula
1158 375 1248 401 eum
1276 376 1364 401 cum
1393 364 1477 404 aliis

0 461 1 472 ¹
48 429 219 470 redimit.
227 429 256 449 '’

155 497 348 536 Abnlseda
361 498 471 536 Tom.
485 497 534 546 11,
543 511 584 549 p.
595 496 698 540 469:
717 497 893 547 „Eodem
911 510 1012 535 anno
1030 496 1073 545 (i.
1082 509 1115 535 e.
1134 510 1235 535 anno
1252 496 1366 547 fugae
1382 497 1479 547 349,

48 563 118 615 qni
135 567 164 607 2
180 564 311 603 Martii
329 565 375 604 A.
395 564 437 602 C.
455 568 538 607 960
560 564 703 615 coepit)
725 564 933 616 impetebat
954 564 1197 602 Seiseddaula
1216 563 1479 602 Hamdanides

0 631 1 634 ’
46 631 260 670 Romanam
278 632 466 670 ditionem
479 643 581 669 nova
596 630 838 679 incursione,
867 632 1022 684 ingente
1041 646 1131 671 cum
1151 629 1343 679 exercitu5
1373 629 1479 668 subi-

47 697 162 749 gebat
177 698 293 737 urbes
314 705 352 737 et
370 711 498 746 arces,
526 697 688 746 urebat,
718 699 913 749 vastabat,
942 700 1163 739 trucidabat
1181 696 1381 745 homines,
1408 709 1481 747 pe-

48 777 140 803 cora
168 771 215 803 ‘et
251 764 428 804 homines
466 764 664 815 abigebat,
704 763 958 805 Char-sianum
991 765 1029 818 *)
1068 779 1195 818 usque
1235 762 1479 816 procedebat.

0 881 1 884 Ἴ
47 830 126 868 Sed
140 830 317 870 redituro
334 832 494 870 domum
510 830 810 882 intercipiebant
830 833 969 872 Graeci
987 834 1092 872 viam
1109 846 1180 885 per
1197 831 1332 883 pylas,
1360 841 1482 880 eaque

46 896 199 936 ratione
215 911 297 936 non
315 904 468 936 tantum
488 911 558 936 sua
582 898 862 950 recuperabant
882 899 1010 938 omnia
1023 930 1034 948 ,
1071 899 1188 937 etiam
1204 897 1329 935 hostis
1352 896 1486 948 potie-

46 961 191 1002 bantur
219 963 533 1016 impedimentis,
568 970 607 1002 et
642 978 759 1015 quam
797 966 902 1019 passi
930 966 1106 1014 fuerant,
1149 965 1342 1002 iacturam
1377 969 1486 1001 tanta

48 1030 350 1081 compensabant
372 1031 416 1069 in
443 1030 712 1069 Seiseddaulae
739 1033 873 1085 copias
905 1033 1009 1071 edita
1037 1038 1186 1082 strage,
1223 1038 1270 1069 ut
1294 1031 1381 1083 ipse
1413 1031 1485 1069 vix

49 1109 141 1134 cum
169 1098 354 1136 trecentis
384 1098 514 1137 salvus
541 1097 733 1138 evaderet.
789 1099 837 1138 Id
854 1100 1034 1138 futurum
1059 1098 1334 1150 praeviderant
1352 1110 1484 1136 rerum

48 1162 277 1202 bellicarum
311 1164 552 1217 istor-umque
579 1166 759 1203 locorum
794 1178 868 1203 usu
896 1165 1035 1217 periti,
1076 1171 1352 1215 suaserantque
1384 1178 1483 1216 pro-

46 1235 181 1282 pterea
205 1230 490 1282 Hamdanidae,
527 1232 652 1270 nollet
668 1232 756 1281 via,
794 1245 870 1283 qua
896 1231 1012 1277 isset,
1054 1230 1189 1269 eadem
1209 1231 1346 1270 redire.
1409 1232 1482 1271 Ille

47 1308 143 1334 vero
175 1305 376 1349 spreverat
404 1298 636 1349 consilium,
682 1299 747 1337 vir
778 1298 885 1336 solus
915 1296 990 1334 sibi
1014 1296 1187 1348 sapiens,
1223 1298 1483 1339 monitoribus

47 1375 183 1414 asper,
220 1364 290 1416 qui
314 1365 443 1404 omnia
469 1378 541 1416 per
567 1379 627 1414 se,
651 1365 807 1404 nemine
834 1363 1035 1411 consulto,
1064 1375 1196 1413 gerere
1218 1364 1392 1414 volebat,
1419 1379 1481 1417 ne,

47 1430 84 1469 si
102 1431 199 1482 quid
210 1431 270 1470 rei
288 1444 477 1484 prospere
494 1432 738 1483 succederet,
765 1431 810 1470 id
826 1429 1140 1469 consiliariorum
1156 1430 1381 1484 sapientiae,
1399 1446 1481 1471 non

47 1509 163 1549 auae,
187 1498 485 1550 imputaretur?
1475 1502 1478 1505 '

160 1563 306 1603 Dabam
319 1564 481 1605 Bonnae
499 1563 551 1604 ad
572 1564 752 1604 Rhenum
772 1563 836 1603 die
850 1565 906 1607 23
923 1561 1040 1602 Iunii.

51 1804 84 1846 1.
112 1803 202 1847 EX
230 1805 563 1850 GREGORII
587 1803 1109 1914 ABYUIIJPEIgRAGII
1137 1804 1482 1849 CHRONICO

605 1873 634 1914 S
697 1873 736 1915 R
778 1873 813 1914 A
911 1903 922 1914 .

377 1973 453 2018 (cf.
477 1973 530 2008 aa.
552 1972 689 2008 ansii
710 1975 745 2007 et
766 1971 917 2006 mmm
938 1982 976 2018 p.
1000 1973 1067 2010 197
1088 1971 1183 2019 sqq.)

159 2128 217 2166 Eo
237 2142 339 2167 anno
370 2129 564 2184 (Arabum
581 2129 691 2183 348)
721 2129 791 2181 qui
822 2130 1062 2168 Graecorum
1092 2135 1153 2168 est
1172 2132 1299 2179 1272,
1327 2135 1481 2169 mortuo

52 2208 141 2245 rege
160 2195 435 2246 Constantino,
464 2211 625 2249 regnare
654 2197 783 2249 coepit
804 2197 908 2235 filius
930 2197 1010 2236 eius
1030 2198 1248 2245 Romanus,
1275 2196 1342 2247 qui
1369 2211 1482 2234 sena-

52 2267 138 2299 tum
174 2261 354 2313 virosque
380 2263 580 2315 principes
603 2265 775 2303 multum
798 2263 1010 2303 honoravit
1022 2293 1035 2314 ,
1070 2277 1159 2315 erga
1187 2276 1320 2302 omnes
1356 2270 1482 2302 autem

51 2327 320 2378 magnanimus
356 2329 446 2367 fuit.
510 2330 567 2368 Eo
593 2345 696 2369 anno
723 2331 856 2380 Iones,
896 2330 964 2382 qui
993 2330 1107 2369 etiam
1134 2329 1480 2380 Schumuschchig,

54 2394 139 2432 dux
162 2394 374 2443 exercitus,
403 2400 442 2432 et
464 2395 729 2449 Nicephorus,
758 2397 1015 2446 domesticus,
1050 2396 1159 2434 missi
1184 2395 1232 2433 ab
1259 2409 1303 2434 eo
1323 2396 1366 2433 in
1381 2395 1481 2433 Ara-

51 2462 149 2500 bum
179 2460 300 2509 fines,
326 2462 522 2512 progressi
542 2469 633 2502 sunt
652 2477 780 2515 usque
798 2464 849 2502 ad
864 2463 1042 2512 Abiram,
1070 2462 1195 2512 unde,
1231 2461 1371 2500 occisis
1402 2463 1481 2502 100

53 2526 267 2577 militibus,
296 2533 335 2566 et
361 2525 529 2566 incensis
552 2530 752 2581 frugibus,
790 2543 879 2568 cum
907 2529 1067 2580 triginta
1097 2529 1263 2582 captivis
1291 2528 1481 2565 abierunt.

54 2593 337 2646 Siphoddaula,
355 2593 493 2631 Halebi
503 2594 645 2645 Emira‚
666 2610 754 2635 cum
772 2599 882 2639 3000
894 2609 1078 2647 egressus,
1093 2595 1347 2635 Carschenam
1364 2604 1485 2643 quum

54 2660 315 2712 pervenisset,
351 2673 598 2712 permagnam
620 2662 806 2715 praedam
833 2662 925 2703 inde
957 2663 1135 2703 abduxit.
1190 2660 1351 2707 Redux,
1385 2671 1483 2710 pro-

100 2789 134 2835 Ἴ
155 2790 181 2826 ἰ.
202 2801 234 2827 e.
256 2790 503 2836 manhatum,
524 2793 640 2830 urbem
664 2793 800 2831 ditionis
818 2796 975 2830 Graecae
989 2805 1097 2840 prope
1116 2789 1325 2827 Malathiam.
1346 2788 1442 2824 Lata,
