1748 3094
240 165 343 215 424
696 174 745 219 C.
770 175 819 219 B.
848 173 1004 220 HASII
1029 175 1232 220 NOTAE

240 275 506 348 παρατάξεων,
533 281 615 321 τῶν
636 278 772 321 ιππων
788 275 921 321 αὐτῶν
936 275 1226 322 αποπλεόντων.
1261 278 1331 322 καὶ
1347 276 1436 322 τότε
1448 276 1621 334 ἤρξαντο
1638 278 1690 322 τὰ

240 350 384 404 απειρα
403 332 541 388 πλήθη
561 352 642 376 των
660 338 789 384 πεζῶν
806 339 880 377 τοῦ
897 338 1070 389 Χαμβδᾶ
1085 337 1215 407 ξίφεσι
1235 334 1469 407 συγκόπτειν
1485 338 1688 403 σφοδρῶς·

93 391 134 430 P
157 391 227 430 204
245 389 318 439 οὓς
339 391 678 458 συγκοπτομένους
694 389 833 433 ἰδώνΡ
808 408 829 433 ο
850 388 1016 443 ἆλαζών,
1046 390 1143 448 πρὸς
1164 391 1300 461 φυγήν
1315 391 1503 460 ἐτρέπετο,
1533 393 1602 433 καὶ
1615 390 1690 433 σώ-

243 447 363 497 ζειν“’
344 445 485 489 εαυτὸν
510 445 584 501 ὅση
606 444 777 517 δύναμις
806 450 1066 518 διηγωνίζετο.
1105 449 1188 490 Καὶ
1207 446 1334 499 οὕτως
1353 449 1379 491 ὅ
1396 444 1629 516 Μάγιστρος
1646 465 1690 490 το

239 500 413 558 κᾶστρον
439 501 482 544 τό
510 503 646 544 Χάλεπ
672 501 841 557 ἀμαχητὶ
862 503 1081 575 παρέλαβε,
1109 505 1178 546 καὶ
1203 501 1577 574 ἅναλαμβανὸμενος
1593 520 1690 554 τους

241 559 531 629 ζωγρηθέντας
540 557 804 627 Ἀγαρηνους,
829 561 898 601 καὶ
931 559 1007 614 τὴν
1033 559 1185 614 πολλὴν
1203 565 1284 603 τοῖν
1304 558 1494 614 λαφύρων
1502 574 1689 615 συναγω-

238 632 336 670 γην,
366 614 467 669 πρὸς
491 613 533 656 τὸ
562 613 782 665 Βυζαντιον
817 613 1078 671 ἀναστρέφειν
1111 618 1238 671 ἔκρινε
1258 619 1355 659 δεῖν.
1408 618 1439 657 Ι.
1460 630 1492 656 e.
1521 618 1562 657 Is
1580 633 1599 655 e
1622 627 1705 656 re-·

236 674 343 724 gina
373 673 535 709 urbium
555 674 764 724 profectus
796 676 838 711 in
868 688 1016 725 agrum
1033 674 1220 712 barbaris
1235 676 1522 712 conterminum
1539 689 1581 712 se
1597 688 1690 712 con-

240 729 355 777 tulit,
386 730 583 781 regionem
612 728 794 767 incendio
820 737 1009 779 vastans,
1037 732 1278 768 munitiones
1300 738 1480 769 evertens.
1534 729 1689 768 Deinde

240 784 426 822 omnibus
456 787 584 837 copiis
618 786 793 837 Alepum
822 785 1043 833 contendit,
1074 788 1445 838 frequentissimam
1468 786 1690 838 opibusque

240 842 431 890 refertam
446 843 666 890 civitatem,
699 840 892 880 adversus
913 844 1084 893 impium
1108 842 1428 883 Clzambdanum.
1482 843 1566 892 Ita,
1596 857 1691 881 cum

241 895 302 933 ad
324 897 460 934 urbem
485 897 600 934 illam
626 900 883 949 pervenisset,
913 897 1079 951 offendit
1097 900 1250 936 circum
1269 895 1358 937 eain
1380 898 1690 938 Chambdanum

239 955 326 990 acie
356 955 558 990 instructa
574 967 726 1005 magna
750 968 841 992 cum
861 954 1122 993 multitudine
1144 955 1354 1006 Arabum,
1381 957 1691 1001 Delemitarum‚

244 1008 491 1058 Car-dorum,
521 1017 752 1062 caeteraque
779 1011 900 1049 turba
926 1025 971 1049 ex
1001 1013 1160 1064 regione
1184 1014 1351 1049 coacta:
1380 1011 1590 1064 peditibus
1612 1011 1691 1049 Ιιο-

238 1066 365 1102 stium
394 1066 738 1118 Alepensibusque
770 1068 870 1104 solis
904 1067 1020 1105 ambo
1038 1067 1165 1106 ,vada
1181 1069 1379 1120 fluminis
1407 1067 1688 1118 obtinentibus,

240 1128 288 1158 ut
303 1123 480 1159 transitu
496 1124 705 1160 exercitum
723 1124 954 1162 Romanum
963 1124 1229 1175 prohiberent.
1284 1126 1369 1163 Hic
1389 1123 1688 1174 Clzambdanus,

239 1191 309 1228 spe
321 1178 439 1226 falsa
456 1177 659 1226 inductus,
678 1180 857 1230 firmiter
874 1180 1124 1230 consistebat,
1154 1182 1348 1232 ignorans
1367 1182 1506 1230 miser,
1535 1182 1578 1218 in
1601 1194 1692 1218 rna—-

238 1247 299 1271 nu
320 1263 329 1271 .
342 1263 351 1271 .
366 1263 375 1271 .
395 1233 488 1271 belli
524 1235 748 1284 auxilium,
778 1243 815 1272 et
839 1235 916 1273 lzoc
943 1265 953 1274 .
976 1265 986 1285 9
1014 1236 1127 1274 lzoris
1154 1238 1356 1288 Magistro
1386 1235 1688 1288 investiga[nte]

238 1288 352 1326 vada
376 1291 592 1341 fluminis,
632 1290 844 1343 diligenter
867 1299 1074 1343 perspecto
1100 1293 1280 1330 locorum
1308 1294 1392 1331 situ
1408 1307 1484 1344 per
1504 1294 1691 1344 superius

237 1344 411 1395 vadum,
441 1360 558 1397 aegre
583 1348 692 1396 licet,
722 1362 815 1384 cum
845 1348 1091 1399 equestribus
1117 1350 1294 1386 numeris
1316 1350 1428 1399 equis
1451 1347 1690 1386 natantibus

239 1404 399 1441 transit.
460 1403 549 1453 Quo
593 1410 780 1454 superato
814 1403 1144 1442 innumerabilem
1173 1402 1477 1441 multitudinem
1501 1403 1715 1456 peditum-

244 1457 498 1496 Clzambdani
521 1461 666 1496 acriter
689 1457 850 1510 gladiis
882 1460 1068 1511 conficere
1086 1466 1316 1510 coeperunt.-
1345 1474 1446 1512 quos
1463 1474 1557 1498 cum
1573 1459 1690 1498 caedi

238 1513 391 1552 videret
405 1528 605 1565 arrogans
620 1515 834 1563 barbarus,
866 1517 910 1553 in
927 1517 1083 1566 fugam
1104 1529 1318 1553 conversus
1336 1517 1438 1567 quin
1455 1530 1496 1554 se
1513 1522 1690 1554 servaret

239 1570 348 1607 nillil
367 1569 426 1607 ad
443 1573 679 1609 celeritatem
704 1571 783 1608 sibi
801 1572 951 1623 reliqui
954 1573 1072 1622 fecit.
1128 1572 1271 1623 Itaque
1288 1572 1506 1624 Magister,
1535 1574 1693 1611 nemine.

239 1627 421 1677 amplius
439 1629 657 1676 resistente,
685 1627 845 1678 Halepo
864 1627 957 1665 urbe
967 1629 1130 1679 potitus
1148 1635 1216 1676 est,
1249 1629 1539 1681 Saraceni-sque
1556 1630 1690 1681 captis

238 1690 275 1719 et
299 1697 453 1734 magna
471 1682 651 1734 praedae
681 1685 724 1720 vi
744 1685 962 1733 assumtis,
995 1684 1384 1735 Constantinopolim
1404 1687 1548 1723 reverti
1565 1687 1689 1723 insti-

238 1740 333 1776 tuit.
388 1739 493 1777 Haec
521 1739 599 1778 iam
633 1753 655 1777 a
681 1753 743 1777 me
762 1739 804 1777 in
832 1739 999 1778 Notitias
1023 1740 1297 1792 Manuscriptt.
1317 1739 1419 1782 VHI.
1437 1741 1531 1784 265.
1551 1742 1594 1779 C.
1619 1755 1690 1780 re-

235 1795 316 1832 lata
337 1794 417 1833 huc
438 1796 647 1846 revocavi,
666 1802 712 1833 ut
734 1795 942 1834 historiam
964 1796 1226 1848 expeditionis
1250 1795 1560 1848 Nicephorianae
1587 1797 1688 1835 illu-

237 1852 415 1889 strantia.
470 1852 645 1889 Eandem
679 1852 902 1890 summatim
929 1853 1128 1903 attingunt
1162 1852 1324 1892 Cedren.
1352 1852 1496 1896 11.645.
1526 1853 1571 1892 B.
1600 1853 1689 1891 Mi-

238 1905 352 1943 chael
366 1908 509 1958 Glycas
535 1909 629 1950 305.
653 1907 699 1947 Α.
722 1909 892 1947 Zonaras
912 1908 963 1946 Π.
984 1911 1079 1951 197.
1099 1909 1143 1945 Β.
1163 1914 1202 1946 et
1212 1908 1370 1946 Simeon
1385 1908 1567 1960 Magister
1582 1909 1689 1947 inter
1740 1929 1748 1934 -

238 1962 400 2012 Scriptt.
418 1970 508 2014 post
527 1962 758 2015 Theophan.
779 1964 875 2007 498.
896 1965 941 2002 D.
982 1964 1228 2015 copiosiores
1248 1970 1341 2002 sunt
1364 1964 1590 2002 Elmacinus
1609 1964 1688 2002 Hi-

239 2018 361 2055 storia
379 2020 556 2057 Saracen.
578 2019 659 2057 edit
678 2020 821 2072 Erpen.
840 2023 935 2063 223.
952 2020 994 2059 C.
1010 2019 1323 2071 Abulpharagius
1345 2018 1527 2059 Chronic.
1547 2022 1634 2071 Syr.
1657 2020 1687 2061 I.

239 2073 331 2115 195.
362 2074 404 2112 C.
436 2081 474 2111 et
498 2074 691 2113 Abulfeda
722 2076 866 2114 Annal.
893 2076 1128 2114 Moslemicis
1162 2076 1256 2113 edit.
1283 2075 1416 2114 Adler.
1443 2076 1491 2115 Π.
1517 2076 1611 2118 476.
1635 2076 1687 2118 A.

236 2128 452 2166 Delemitae
463 2159 474 2178 ,
504 2144 670 2180 quorum
700 2131 747 2170 fit
763 2131 908 2170 mentio
932 2145 1051 2183 supra
1070 2134 1164 2175 203.
1185 2132 1226 2171 C.
1247 2137 1343 2168 sunt
1357 2144 1451 2181 gens
1470 2131 1513 2169 in
1528 2131 1688 2170 Parthia

203 2184 349 2222 Bcirca
376 2198 483 2223 mare
502 2187 686 2237 Caspium
699 2217 710 2236 ,
739 2188 783 2226 in
809 2188 899 2238 iugo
924 2188 1118 2226 montium
1134 2200 1213 2237 quo
1242 2200 1351 2224 nunc
1371 2186 1517 2225 Ghilan
1538 2194 1578 2226 et
1597 2188 1687 2226 Ma-

235 2240 446 2278 zanderam
491 2255 512 2278 a
549 2243 766 2293 provinciis
803 2243 966 2294 Algebal
999 2249 1038 2282 et
1076 2243 1167 2282 Irak
1187 2242 1313 2294 Ajami
1348 2243 1686 2284 disterminantur.

234 2295 457 2335 Dilimnitas
488 2296 766 2350 [Διλιμνίτας]
801 2305 1019 2338 memorant
1038 2298 1116 2337 iam
1131 2298 1314 2349 Agathias
1336 2301 1404 2342 92.
1425 2300 1472 2338 D.
1492 2305 1531 2337 et
1553 2299 1695 2338 Theo-‘

236 2351 445 2404 phylactus
471 2352 672 2392 Simocatt.
699 2358 768 2397 96.
797 2356 838 2394 C.
875 2355 1097 2394 Militabant
1116 2360 1215 2392 tunc
1235 2367 1324 2392 cum
1344 2355 1486 2394 curdis
1506 2355 1686 2394 finitimis

235 2410 281 2445 in
311 2408 548 2447 exercitibus
577 2410 765 2451 Arabum.
821 2410 1063 2453 Theodosius
1091 2410 1290 2450 Diaconus
1312 2411 1370 2451 De
1398 2411 1686 2465 expugnatione

237 2465 376 2504 Cretae
391 2464 551 2505 Acroas.
570 2464 616 2507 V.
634 2469 711 2509 22:

796 2569 853 2579 —-
871 2547 977 2601 πλήν
1006 2548 1052 2592 ἕν
1079 2546 1200 2619 τάχει

416 2604 546 2644 Τῶν
573 2606 794 2656 Δελεμιτῶν
812 2607 1022 2658 βελεβιτῶν
1041 2622 1136 2656 τους
1154 2602 1303 2656 τόπους

450 2661 592 2711 Πείσει
620 2664 829 2702 καλεῖσθαι
857 2659 927 2702 σὸν
959 2661 1091 2715 βέλος,
1120 2657 1452 2718 σκηπτροκρᾶτορ.

233 2716 401 2780 Tametsi
419 2741 485 2784 ibi
502 2743 711 2795 Fogginius
727 2745 823 2787 389.
849 2745 898 2783 D.
917 2747 1142 2799 Δελεμιτοῖν
1170 2759 1255 2785 non
1275 2745 1400 2797 gentis
1420 2757 1588 2795 nomen,
1615 2744 1685 2783 sed

232 2809 348 2847 gener
351 2797 467 2838 aliter
488 2801 665 2840 omnium
682 2802 966 2842 Saracenorum
985 2809 1288 2870 cognomentum
1306 2815 1387 2842 esse
1406 2807 1534 2855 putet.
1589 2801 1685 2840 Flu-
