1768 3034
341 147 434 220 158
804 154 1003 201 LEONIS
1030 154 1279 199 mAcoNl-

123 270 159 303 A.
175 268 223 303 ..Μ
241 267 330 304 6430
341 261 532 318 σάμενος,
567 260 636 316 τό,
649 280 692 306 τε
723 261 983 319 Δορύστολον
1027 259 1366 318 Θεοδωροῦπολιν
1386 261 1444 304 ἔπ’
1479 259 1643 316 ὄνὸματι
1679 256 1768 304 τινὶῖξ

166 317 232 349 Ind‘
240 316 293 352 15
338 318 614 387 στρατηλάτου
635 332 700 372 καὶ
720 329 925 386 μάρτυρος
945 327 1156 384 Θεοδώρου
1176 327 1476 384 μετονομάσας,
1512 327 1693 386 φυλακήν
1711 344 1755 373 ’τε

335 396 551 452 ἀξιόμαχον
575 395 703 453 ταύτῃ
731 397 986 453 παραλιπών,
1021 396 1122 450 μετὰ
1153 398 1348 453 μεγίστων
1373 397 1574 453 τροπαίων
1599 394 1755 438 ἔπάνεμ·

120 475 189 506 Fol.
213 473 284 508 316
299 484 326 506 r.
338 482 400 507 σιν
422 466 484 506 ε’πὶ
505 464 551 506 τὸ
574 463 816 516 Βυζάντιον,
851 464 947 512 τοὺς
971 463 1154 512 ἃστικοὺς
1173 463 1249 520 πρὸ
1282 461 1604 519 τῶνψπεριβόλων
1623 479 1768 505 κατα--

332 532 470 588 ληφῶς
481 564 496 583 ,
533 529 743 587 στεφάνοις
764 530 886 573 αὐτὸν
915 532 982 571 καὶ
1007 529 1220 587 σκήπτροις
1252 532 1547 585 δεξιουμένους,
1588 531 1631 571 ἐκ
1650 526 1768 586 χρυοῑῖ

331 604 408 642 σοῦ
446 599 512 640 καὶ
536 598 663 640 λίθων
696 598 1004 654 ἐξειργασμένοις
1033 601 1271 641 πολυτελῶν.
1317 594 1415 653 ἦγον
1440 598 1484 640 δὲ
1516 598 1582 639 καὶ
1602 596 1768 652 χρυσο-ᾗ

331 662 525 720 κόλλητον
559 663 808 707 λευκόπωλον
846 664 982 720 ἅρμα·
1025 659 1072 706 οὗ
1106 669 1393 720 προσεπιβ-ῆναι
1429 669 1573 707 τοῦτον
1601 663 1768 718 ‘t'y'gt'ovmt¹

332 734 398 774 καὶ
417 732 487 774 τὸν
517 732 795 786 νενομισμένον
814 738 1047 787 καταγαγεῖν
1072 734 1290 787 θρίαμβον.
1337 731 1357 774 ὅ
1386 733 1429 773 δὲ
1453 732 1547 780 τούς
1566 731 1639 785 μὲν
1665 739 1768 772 στεοῑ

334 790 486 856 φάνους
508 801 573 840 καὶ
595 799 647 840 τὰ
671 803 854 854 σκῆπτρα
878 797 1105 854 προσήκατο
1120 831 1133 851 ,
1170 801 1235 840 καὶ
1259 801 1564 848 πολλαπλασίως
1587 796 1758 846 τουτους

208 874 249 907 Ρ.
269 872 313 909 98
337 865 480 923 δώροις
501 865 729 920 ἠμείψατο·
764 867 945 919 επιβῆναι
965 866 1008 907 δὲ
1026 870 1098 907 τοῦ
1120 864 1300 921 ἅρματος
1317 866 1391 908 ὀὐκ
1410 865 1615 920 ἠνέσχετο·
1651 806 1768 935 ama}

331 933 405 988 τὴν
439 938 512 987 τῆς
542 930 794 988 θεομήτορος
829 931 984 984 εἲκόνα,
1023 933 1351 988 ενηγκαλισμένην
1380 933 1450 975 τὸν
1482 922 1768 991 θεάνθρωπον

334 998 476 1055 λόγον,
513 998 563 1053 ἦν
588 1000 629 1040 ἐκ
654 999 822 1048 Μυσίας
846 999 1003 1054 εἴληφεν
1015 1032 1028 1051 ,
1067 1000 1128 1040 ἐπὶ
1150 999 1220 1041 τὸν
1240 1003 1314 1042 τοῦ
1340 998 1519 1055 ἅρματος
1547 996 1768 1055 χρυσήλα-

332 1085 404 1109 τον
429 1064 580 1122 θρόνον
611 1065 804 1120 ἀνέθηκε,
840 1066 914 1115 τὰς
935 1064 1152 1121 αλουργούς
1183 1071 1263 1109 τῶν
1295 1070 1456 1110 ,Μυσῶν
1488 1066 1634 1115 στολὰς
1653 1063 1768 1108 ὕπο-,ἰ

334 1136 448 1185 θεις,
486 1134 551 1174 καὶ
579 1149 632 1174 τα
665 1134 885 1186 στέμματα.
935 1132 1057 1181 αὐτὸς
1080 1134 1144 1186 δε,
1178 1135 1287 1191 ι’ππῳ
1322 1135 1452 1189 κέλητι
1477 1130 1768 1194 ἓποχούμενοςςέΞ

332 1199 575 1255 μετόπισθεν
610 1200 734 1241 εἵπετο
747 1231 761 1251 ,
797 1200 1093 1253 τεταινιωμένος
1115 1200 1188 1254 τὴν
1212 1201 1359 1257 κεφαλ
1327 1219 1386 1255 ην
1411 1199 1624 1255 διαδηματι
1636 1232 1651 1252 ,
1688 1192 1768 1248 uui}

332 1284 430 1316 τους
463 1264 684 1322 στεφάνους
715 1266 847 1322 φέρων
872 1268 938 1308 καὶ
962 1267 1014 1308 τὰ
1051 1271 1234 1324 σκῆπτρα
1269 1269 1310 1310 ἓν
1333 1275 1420 1317 ταῖς
1451 1269 1599 1324 χερσιᾝν
1647 1265 1759 1309 οὕτω

331 1334 403 1377 τὸν
435 1335 642 1390 θρίαμβον
679 1334 926 1417 καταγαγὼν
950 1333 1017 1375 δια
1051 1334 1175 1389 μέσης
1206 1339 1280 1389 τῆς
1316 1333 1492 1387 πόλεως,
1541 1332 1768 1415 ἔσθήσεσινΞζ

332 1399 540 1456 ἁλουργοῖς
574 1401 866 1454 κεκοσμημένης
908 1399 1153 1454 ἑκασταχοῦ,
1191 1402 1257 1442 καὶ
1295 1403 1407 1456 δίκην
1443 1399 1636 1454 θαλάμου
1668 1386 1768 1472 τοΐςΞ

298 1475 378 1511 Βτε
402 1472 482 1510 τῶν
508 1469 671 1523 δαφνῶν
694 1466 854 1515 κλάδοις
878 1469 943 1508 καὶ
964 1475 1046 1516 τοῖς
1065 1468 1310 1524 χρυσοῢφέσι
1331 1469 1491 1518 πέπλοις
1513 1468 1636 1530 ου’σης
1657 1443 1768 1509 uvae-3

329 1539 526 1591 ηρεφοῢς,
564 1551 604 1582 ες
625 1534 695 1576 τὸν
719 1534 842 1589 μέγαν
867 1538 940 1587 τῆς
963 1539 1035 1576 τοῦ
1065 1537 1170 1577 Θεοῦ
1195 1537 1351 1592 Σοφιάς
1372 1533 1581 1578 εἰσελαύνει
1603 1532 1749 1589 σηκόν·
1738 1508 1768 1594 ‘3

330 1604 397 1644 καὶ
421 1618 494 1650 τας
516 1600 838 1657 εὐχαριστηριους
863 1600 979 1654 εὐχὰς
1004 1600 1200 1655 ἇποδους,
1236 1601 1298 1655 τό,
1325 1619 1369 1645 τε
1397 1607 1478 1646 τῶν
1502 1605 1662 1645 Μυσῶν
1687 1602 1768 1659 ἔκἿἶ

328 1669 599 1726 πρεπέστατον
630 1668 775 1724 στέφος
810 1668 927 1710 οἷονεί
957 1666 1197 1725 πρωτόλειον
1226 1671 1356 1725 δῶρον
1377 1674 1435 1727 τῷ
1462 1671 1551 1727 Θεῶ
1572 1631 1768 1721 καταθέ-Ξ,

329 1752 473 1789 μενος,
522 1737 577 1783 εἷς
607 1735 679 1789 τὴν
716 1735 979 1818 ἇνακτορικὴν
1013 1734 1147 1778 εστίαν
1183 1741 1329 1795 φοιτᾷ,
1376 1738 1442 1785 καὶ
1475 1741 1556 1779 τῶν
1589 1726 1768 1778 Μυσῶν

330 1802 498 1857 βασιλέα
519 1801 655 1883 Βορὴν
672 1819 913 1859 παραγαγων
933 1819 984 1844 τα
1000 1807 1073 1857 τῆς
1085 1806 1290 1857 βασιλείας
1311 1803 1543 1846 ἀποθέσθαι
1564 1800 1768 1858 παράση-
1764 1812 1768 1838 ῐ

331 1886 391 1922 μα
407 1884 684 1924 παρεσκευασε.
727 1869 780 1911 τὰ
797 1865 883 1911 δὲ
859 1887 907 1924 ην
923 1867 1042 1926 τιάρα
1057 1869 1372 1928 περιπόρφυρος,
1403 1874 1542 1929 χρυσῷ
1559 1871 1625 1912 καὶ
1640 1862 1768 1954 paup-3

421 1964 477 1997 23.
514 1964 599 2006 τῶν]
637 1964 721 2008 Leg.
740 1962 824 2006 τὸν,
848 1968 906 1998 aut
923 1963 989 1999 τὸν
1004 1966 1088 1999 τοῖν.

332 2044 491 2083 recepta,
516 2041 729 2084 Dorystolum
747 2053 788 2074 ex
803 2042 933 2076 nomine
949 2042 1042 2075 ducis
1058 2045 1092 2075 et
1109 2040 1265 2086 martyris
1281 2040 1450 2075 Theodori
1468 2040 1750 2085 Theodoropolin
1764 2011 1768 2088 3

332 2085 558 2137 nuncupavit3
576 2086 764 2130 ibidemque
775 2086 861 2119 iusto
873 2087 1039 2131 praesidio
1048 2086 1177 2127 relicto,
1187 2097 1258 2119 cum
1269 2086 1418 2119 maximis
1427 2087 1575 2138 tropaeis
1585 2086 1749 2119 Com-ztan*
1766 2100 1768 2117 ι

333 2128 503 2173 tinopolim
527 2130 633 2163 redit:
668 2131 727 2163 ubi
755 2132 910 2164 urbanam
937 2132 1175 2165 multitudinem
1192 2135 1287 2164 extra
1302 2142 1410 2164 muros
1430 2130 1588 2172 offendit,
1610 2138 1768 2166 coronas

331 2173 382 2206 illi
400 2179 435 2206 et
451 2179 595 2218 sceptra,
620 2187 661 2208 ex
680 2186 760 2208 auro
776 2176 961 2220 lapillisque
975 2176 1131 2220 pretiosis
1150 2176 1251 2216 facta,
1275 2176 1481 2208 offerentem.
1524 2175 1701 2209 Dueebant
1712 2178 1768 2208 et

332 2229 464 2251 currum
492 2230 572 2252 auro
588 2226 790 2263 compactum
817 2221 911 2265 equis
929 2221 1011 2254 albis
1033 2222 1196 2254 iunctum.
1220 2232 1284 2264 quo
1303 2226 1342 2253 ut
1359 2220 1553 2254 ascenderet
1570 2222 1768 2265 rogabant,

330 2268 587 2316 consuetumque
615 2265 813 2308 triumphum
836 2267 986 2300 duceret.
1038 2266 1118 2309 Ipse
1144 2276 1224 2298 vero
1251 2276 1390 2298 coronas
1415 2265 1547 2309 quidem
1563 2270 1598 2299 et
1614 2270 1747 2309 sceptra

332 2308 498 2352 suscepit,
530 2309 719 2353 maioraque
744 2311 845 2343 multo
870 2311 924 2343 his
950 2322 1083 2343 munera
1106 2310 1277 2353 rependit:
1299 2314 1337 2343 ut
1365 2314 1474 2343 autem
1492 2310 1526 2342 in
1552 2321 1681 2343 currum
1708 2320 1746 2342 a-

331 2353 505 2387 scenderet
520 2353 631 2387 induci
648 2365 712 2387 non
722 2356 853 2398 potuit3
877 2355 935 2388 sed
952 2355 1085 2388 divinae
1099 2355 1213 2388 matris
1232 2355 1419 2398 imaginem,
1441 2355 1592 2388 deivirile
1602 2355 1768 2388 Verbum

330 2398 588 2451 amplexantem,
613 2410 710 2442 quam
737 2411 779 2432 ex
795 2401 922 2434 Moesia
932 2401 1108 2441 attulerat,
1131 2400 1165 2433 in
1189 2411 1288 2433 aureo
1304 2400 1400 2434 sedili
1423 2411 1538 2433 currus
1558 2398 1768 2443 collocavi&
1767 2421 1768 2424 =

330 2443 506 2477 substratis
515 2444 688 2488 purpureis
698 2445 885 2478 Moesorum
900 2445 1032 2486 tunicis,
1045 2451 1079 2479 et
1088 2445 1228 2478 coronis.
1252 2446 1341 2489 Ipse,
1359 2444 1514 2489 singulari
1526 2455 1610 2489 equo
1618 2447 1768 2483 vectus,

331 2499 419 2541 pone
445 2489 661 2532 sequebatur,
695 2493 797 2532 caput
826 2490 1012 2523 diademate
1031 2490 1173 2530 cinctus,
1196 2502 1236 2524 ac
1253 2501 1393 2523 coronas
1410 2493 1545 2533 gestans
1559 2494 1595 2523 et
1611 2491 1768 2532 sceptra

330 2534 365 2566 in
395 2533 553 2567 manibus.
606 2534 681 2567 Hac
703 2535 861 2577 triumphi
890 2535 1000 2579 specie
1027 2547 1087 2579 per
1105 2535 1242 2569 mediam
1258 2536 1382 2575 urbem,
1405 2534 1580 2578 purpureis
1596 2512 1768 2578 vestibm3

329 2574 477 2623 undique
501 2582 666 2619 ornatam,
689 2578 888 2622 thalamique
913 2580 980 2612 ritu
1003 2580 1091 2613 lauri
1109 2581 1208 2614 ramis
1227 2579 1389 2625 palliaque
1408 2590 1490 2612 auro
1510 2578 1613 2611 textis
1625 2581 1745 2610 conte·
1762 2592 1768 2618 ι,

331 2628 436 2664 ctam,
460 2622 502 2657 ad
527 2635 674 2668 magnam
692 2623 886 2667 Sapientiae
909 2624 1041 2658 divinae
1069 2625 1240 2658 ecclesiam
1267 2623 1451 2677 processit:
1481 2622 1538 2655 ubi
1557 2622 1768 2670 gratiarum³3

331 2668 469 2701 actionis
498 2669 655 2702 exsolutis
673 2669 846 2713 precibus,
870 2669 1056 2703 Moesorum
1081 2669 1438 2720 magnificentissimam
1453 2678 1604 2701 coronam
1621 2671 1660 2700 ut
1674 2676 1768 2699 ma*

331 2713 506 2747 nubiarum
521 2714 683 2757 primitias
699 2714 771 2747 Deo
788 2714 911 2754 dicans,
935 2714 1042 2747 inde
1033 2726 1067 2747 ιιι
1079 2715 1237 2759 palatium
1253 2726 1290 2748 se
1302 2713 1441 2757 recepit,
1465 2715 1500 2745 et
1516 2712 1627 2744 Borim
1648 2712 1768 2746 Moe*

333 2767 460 2810 sorum
472 2770 585 2804 regem
609 2760 803 2805 productum
827 2759 972 2804 insignia
996 2760 1091 2805 regia
1115 2760 1282 2806 deponere
1300 2759 1407 2793 iussit.
1461 2757 1515 2791 Ea
1539 2761 1635 2791 erant
1657 2755 1744 2790 tiara
