1760 3034
405 143 466 188 ΓΝ
491 142 811 187 THEODOSII
834 143 1143 190 ACROASES.
1399 136 1501 187 555

50 249 106 304 τῇ
132 249 264 304 πλοκῇ
281 249 364 289 τῶν
391 244 635 301 σφιγμᾶτων.
665 247 853 287 orationis
885 247 1104 287 subiectum
1133 254 1195 287 est
1214 246 1258 289 οἳ
1278 250 1502 300 σφενδονο-

50 300 240 358 στρόφοι,
270 304 337 356 qui
370 304 591 343 machinam
617 304 798 343 beHicam
824 311 1031 355 torquent,
1060 305 1261 356 molesque
1278 307 1314 344 ei
1330 306 1502 358 imposi-

49 365 110 399 tas
134 373 208 412 ope
229 360 383 399 sunium
402 360 641 399 iaculantur.
696 361 798 398 Male
815 360 949 412 itaque
975 361 1162 399 vertitur:
1193 376 1318 413 quare
1341 362 1387 399 ln·
1405 377 1502 401 con-

47 418 156 454 versi
183 416 244 454 ad
267 431 358 454 eum
389 417 631 455 arctandum
659 417 861 465 vinculis5
890 417 1000 468 quasi
1025 417 1074 456 de
1092 417 1201 455 asino
1217 419 1379 456 funibus
1400 433 1500 457 con—

47 472 190 511 stricto
216 479 371 524 agatur3
402 487 522 524 quum
539 474 612 513 sit:
639 473 703 511 illi
722 479 851 512 autem
871 473 1051 512 conversi
1071 473 1123 512 ad
1141 479 1268 513 tortos
1287 474 1502 514 machina·-

46 541 139 568 rum
163 530 290 572 funes,
310 530 354 570 F.
367 529 416 581 1.]

163 602 256 642 182.
287 595 564 650 Χελωνόπους]
590 598 753 637 Asinum
771 598 1013 637 testudineus
1022 598 1146 651 pedes
1161 600 1368 640 habentem
1387 601 1500 652 dicit,

47 653 99 693 ob
116 655 198 694 eius
219 656 421 706 segnitiem
448 661 486 694 et
507 655 743 694 tarditatem.

161 724 252 767 184-
284 724 444 778 Ξέρξης]
477 724 596 773 Vide,
626 739 723 775 quae
752 725 800 764 de
833 725 911 764 hoc
930 727 1077 765 Xerxis
1106 728 1209 766 facto
1227 727 1408 780 superius
1426 727 1501 766 ad-

41 779 272 819 notavimus
294 784 453 820 Acroas.
482 781 532 821 11.
565 794 603 820 v.
633 786 726 824 266.

160 849 265 890 lbid.
295 851 395 903 Νέα]
426 852 584 902 Corrige
601 850 706 892 νέον.

160 923 254 964 193.
282 916 505 969 Ἀφᾶντων]
537 923 750 960 Saracenos
781 922 884 960 fame
912 923 1133 962 laborantes
1161 923 1315 962 asinum
1340 936 1392 962 ex
1421 923 1502 962 im-

45 976 196 1028 perviis
224 977 468 1028 occultisque
502 977 600 1016 locis
629 979 672 1016 in
690 979 820 1016 cibum
840 980 1194 1031 accepisseinquit,
1225 978 1410 1031 quoniam
1434 993 1504 1032 per

47 1037 199 1083 aerem,
233 1033 399 1084 ideoque
426 1047 498 1085 per
513 1034 596 1072 vias
618 1034 692 1073 sibi
708 1049 790 1073 non
812 1037 993 1088 proprias
1017 1036 1072 1074 eis
1089 1036 1288 1074 immissus
1308 1037 1446 1075 fuerat.

162 1104 256 1148 195.
286 1099 459 1155 Λιῖτούς]
490 1103 555 1141 Sic
587 1104 686 1143 bene
704 1093 982 1156 corrigendum
1004 1105 1240 1145 coniectavit
1259 1107 1475 1147 Cornelius.

158 1177 256 1216 207.
293 1173 492 1222 Φίλιππος
528 1174 553 1216 ὁ
576 1175 701 1228 πρίν]
746 1175 951 1228 Philippus
979 1176 1156 1228 primus,
1194 1176 1287 1228 quia
1322 1178 1388 1215 alii
1412 1184 1503 1230 post

47 1243 136 1268 eum
167 1229 342 1268 eiusdem
372 1231 544 1269 nominis
569 1245 678 1282 reges
714 1232 1010 1272 Macedonicum
1039 1233 1251 1284 imperium
1283 1233 1501 1273 obtinuere.

44 1286 147 1325 Eum
163 1286 284 1325 totius
305 1287 491 1325 Graeciae
512 1287 734 1326 dominatui
753 1288 952 1326 ambitiose
970 1286 1201 1338 inhiantem,
1232 1294 1270 1326 et
1289 1289 1501 1328 Athenien-

45 1355 109 1380 ses
138 1343 370 1394 praecipue,
398 1357 566 1394 quorum
596 1344 699 1383 vires
723 1345 844 1395 magis
875 1344 1173 1394 extimescebat,
1203 1345 1274 1383 sibi
1306 1345 1500 1384 subiicere

46 1398 311 1447 adnitentem,
338 1399 618 1438 Demosthenes
644 1399 981 1439 vehementissime
1005 1401 1217 1439 insectatus
1238 1407 1318 1450 est,
1351 1408 1501 1453 septem

44 1453 135 1492 illas
165 1454 435 1493 celeberrimas
464 1455 660 1494 orationes
692 1462 829 1494 contra
870 1471 959 1495 eum
985 1457 1182 1507 recitans,
1225 1470 1390 1509 quarum
1416 1463 1498 1496 tres

45 1509 319 1562 Olynthiacae‚
339 1517 519 1562 ‚quatuor
534 1512 779 1564 Philippicae
794 1519 1091 1565 nuncupantur.

156 1583 250 1623 208.
283 1580 430 1629 Φανεὶς
451 1578 694 1634 dotcrinam]
726 1583 852 1622 Acute
871 1583 1112 1622 Theodosius
1130 1582 1259 1621 utitur
1276 1583 1398 1621 verbo
1421 1599 1500 1634 φα-

44 1635 149 1686 νεὶς,
179 1637 270 1687 quia
299 1638 402 1674 fama
426 1638 504 1676 fuit
527 1639 799 1690 Olympiadem
822 1653 905 1677 non
925 1653 976 1677 ex
993 1639 1161 1687 marito,
1190 1638 1258 1676 sed
1282 1652 1331 1677 ex
1353 1639 1500 1678 Necta-

43 1693 160 1743 nebo,
188 1699 306 1744 atque
324 1693 420 1732 adeo
443 1707 494 1732 ex
517 1695 612 1733 Jove
631 1694 705 1732 sub
726 1695 907 1733 draconis
925 1695 1050 1746 figura
1070 1695 1338 1733 Alexandrum
1360 1696 1411 1735 M.
1429 1709 1500 1746 ge-

43 1749 189 1790 nuisse.
247 1750 434 1800 Namque
459 1757 586 1788 mater
616 1753 704 1787 eius
730 1751 959 1802 Oh‘mpias‚
985 1751 1115 1802 inquit
1140 1750 1313 1790 Iustinus
1329 1751 1397 1792 lib.
1422 1752 1490 1795 XI.
1513 1750 1555 1784 P·
1579 1750 1649 1785 388

46 1818 132 1857 cap.
159 1808 232 1855 11,
261 1807 442 1855 confessa
477 1809 561 1844 viro
591 1821 662 1844 suo
685 1806 876 1858 Philippo
898 1808 1066 1857 fuerat,
1106 1807 1388 1845 Alexcmdrum
1416 1823 1495 1847 non
1515 1795 1591 1831 0⁰¹·
1612 1799 1631 1831 ¹

44 1875 91 1898 ex
121 1875 164 1898 eo
193 1876 234 1898 se
261 1861 333 1898 sed
344 1876 388 1898 ex
410 1870 581 1914 serpente
608 1865 781 1914 ingentis
804 1863 1101 1915 magnitudinis
1120 1866 1350 1915 concepisse.
1407 1867 1498 1903 De-

44 1918 168 1968 nique
194 1918 430 1968 Philippum
459 1919 600 1955 ultimo
613 1933 739 1970 prope
763 1922 868 1959 ritae
898 1934 997 1957 suae
1026 1927 1195 1971 tempore
1212 1920 1358 1970 filium
1379 1934 1502 1959 auum

45 1987 125 2011 non
151 1988 231 2011 esse
251 1974 397 2024 palam
410 1974 731 2026 praedicaverat.
792 1977 882 2026 Qua
901 1990 945 2012 ex
964 1990 1088 2014 causa
1111 1975 1399 2028 O4=·mp1'adem‚
1430 1992 1499 2015 ve·-

46 2029 111 2066 lut
142 2031 274 2081 stupri
307 2038 565 2081 compertum,
595 2030 762 2082 repudio
786 2031 1006 2071 dimiserat.
1066 2033 1152 2080 Qua
1170 2033 1217 2070 de
1235 2046 1277 2071 re
1302 2033 1400 2071 bene
1425 2034 1499 2073 ad-

45 2091 159 2124 notat
187 2086 475 2125 Freinshemius
494 2087 536 2125 in
556 2088 846 2139 Supplementis
864 2088 914 2126 ad
936 2088 983 2136 Q.
1004 2087 1184 2126 Curtium
1212 2089 1279 2127 lib.
1298 2089 1327 2127 1.
1351 2103 1435 2141 cap.
1459 2093 1499 2132 1.

45 2154 156 2180 num.
189 2143 262 2185 15:
296 2144 378 2180 Nm
411 2142 574 2192 desunt,
613 2145 685 2195 qui
702 2144 949 2194 fabulosum
975 2144 1023 2182 id
1051 2143 1232 2196 quidem,
1260 2159 1341 2184 non
1365 2153 1499 2183 tamen

46 2196 295 2235 adulterium
332 2201 478 2236 matris
499 2200 613 2250 falso
635 2202 836 2238 iactatum
856 2199 1059 2240 ‹td-serant.

158 2270 252 2310 209.
285 2264 477 2321 Κάρβων]
508 2270 577 2308 Cn.
608 2271 755 2319 Carbo,
787 2271 899 2310 cuius
921 2271 1091 2324 plurima
1118 2271 1254 2311 suitin
1278 2270 1498 2323 Republica

47 2323 289 2373 auctoritas,
317 2330 449 2375 partes
468 2325 661 2365 Marianas
688 2334 886 2378 sequutus.
942 2328 979 2366 Is
996 2327 1037 2365 in
1054 2328 1170 2366 tertio
1188 2341 1260 2366 suo
1283 2327 1497 2365 Consulatu

45 2378 156 2417 iussu
178 2379 350 2430 Pompeii
378 2380 421 2418 in
451 2381 585 2420 Sicilia
606 2384 655 2420 ad
682 2384 920 2435 supplicium
948 2384 1093 2422 ductus
1110 2390 1189 2433 est,
1218 2383 1372 2434 ibique,
1402 2382 1496 2419 dum

48 2435 181 2473 alvum
210 2435 281 2472 sibi
309 2436 481 2486 levaret,
511 2445 631 2490 caput
660 2440 695 2477 ei
723 2439 965 2479 abscissum.‘
1003 2440 1173 2479 Consule
1193 2438 1388 2479 Valerium
1407 2437 1495 2475 Ma-

47 2490 200 2530 ximum
225 2491 295 2530 lib.
324 2492 392 2530 lX.
410 2506 494 2544 cap.
518 2497 582 2536 13.
599 2493 629 2547 §
651 2500 691 2539 2.

158 2573 261 2615 Ibid.
289 2573 333 2615 ‘O
351 2577 424 2615 τοῦ
439 2578 643 2630 Πομπίου]
675 2579 740 2618 Sic
761 2579 915 2629 Codex,
945 2593 1059 2632 quem
1082 2577 1224 2618 erroris
1245 2575 1374 2627 arguit
1393 2575 1494 2614 Cor-

47 2630 199 2679 melius,
229 2636 268 2669 et
294 2631 445 2670 suflicit
467 2646 611 2671 nomen
639 2636 860 2687 Καίσαρος,
889 2635 982 2688 quia
997 2637 1141 2674 Brutus
1161 2634 1382 2680 caesarem,
1411 2645 1495 2670 non

49 2685 280 2737 Pompeium
297 2687 508 2739 percussit.
564 2690 661 2728 Mihi
680 2698 811 2730 tamen
825 2692 898 2731 vix
918 2690 1146 2743 persuadeo,
1170 2688 1404 2740 scriptorem
1423 2687 1497 2725 Co-

48 2740 149 2779 dicis
175 2742 273 2781 adeo
306 2743 478 2795 turpiter
506 2757 675 2797 errasse,
704 2754 751 2787 nt
769 2748 849 2787 duo
866 2747 1025 2786 nomina
1044 2745 1140 2784 adeo
1161 2745 1266 2783 inter
1281 2756 1325 2782 se
1343 2743 1499 2783 diversa
