1676 3054
199 142 297 189 312
635 143 938 189 NICEPHORI
963 142 1191 187 PHOCAE

200 254 290 308 ,,μὴ
313 249 575 309 μεριμνήσητε
600 252 675 307 γὰρ
687 252 863 306 stippa?
876 281 888 301 ‚
925 249 1003 301 ,,τι’
1027 246 1258 304 φάγητε,-ἢ
1286 248 1330 291 τί
1351 248 1523 303 nime-'²
1558 248 1625 289 καὶ

200 321 247 362 τὸ
274 324 354 362 τῶν
381 324 564 362 πετεινῶν
589 317 799 373 ἄπραγμος
823 318 877 365 εἷς
897 315 1047 364 ὄνειδος
1074 313 1167 368 ἡμῖν
1190 316 1471 371 προτιθέντων.
1519 317 1563 355 τί
1583 315 1627 355 δὲ
1648 328 1651 331 ‘

202 389 268 429 καὶ
297 385 316 428 ὃ
349 391 461 434 θεῖος
492 383 738 438 ἀπόστολος,
772 384 859 435 „ai
885 389 1011 437 χεῖρες
1033 376 1213 433 αῦται,”
1248 384 1392 437 φησὶν,
1428 414 1459 434 ,,
1473 383 1564 434 ε’μοί
1584 398 1626 422 τε
1666 379 1669 381 ’

203 455 369 500 καὶτοῖς
396 452 468 494 σῦν
488 453 574 506 ἐμοὶ
600 449 860 504 διηκόνησαν·
907 450 996 500 καὶ,
1033 448 1222 502 »ἔχοντες
1252 449 1295 490 δὲ
1324 447 1544 504 διατροφὰς
1560 449 1628 489 καὶ

203 517 489 572 σκεπάσματα,
517 516 675 566 τούτοις
694 513 1085 573 ἄρκεσθησόμεθα.”
1135 515 1204 557 τὸν
1228 516 1318 569 βίον
1350 514 1426 570 ὅρα
1449 531 1518 563 μοι
1546 518 1661 556 τῶν5

203 588 326 628 θείων
356 585 558 641 πατέρων,
594 588 675 626 τῶν
705 585 746 626 ἐν
778 581 973 639 Αἰγύπτῳ
1003 583 1127 638 φημὶ,
1172 586 1252 624 τῶν
1284 583 1324 623 ἓν
1359 582 1624 637 Παλαιστίνῃ,

203 657 284 694 τῶν
316 653 356 694 ἓν
385 652 679 709 Ἀλεξανδρείᾳ,
716 654 794 693 τῶν
831 651 1005 703 ἀλλαχοῦ
1034 653 1236 701 πολλαχοῦ
1264 653 1336 703 γῆς
1364 646 1625 702 λαμψάντων,
1675 700 1676 704 ¹

205 721 271 760 καὶ
298 723 442 761 τοῦτον
474 718 601 767 οὕτως
622 717 730 760 λιτὸν
754 715 930 771 εὑρήσεις
939 748 951 767 ,
989 715 1116 763 οὕτως
1143 715 1375 770 ἀπέριττον,
1414 713 1468 763 ὥς
1490 715 1629 768 σχεδὸν
1674 711 1676 738 {

205 784 308 840 μόνῃ
341 789 454 840 ψυχῇ
487 787 634 836 ζῶντας
666 782 812 831 αὖτοὺς
851 783 1082 837 ἀποφαίνειν
1092 814 1114 834 ,ἃ
1151 783 1215 822 καὶ
1247 786 1319 835 τῆς
1348 785 1428 823 τῶν
1460 781 1630 836 ἀγγέλων

207 850 337 907 ὥσπερ
366 850 686 906 παραψαύοντας
711 850 862 897 ἀϋλιάς.
915 849 1044 896 ἄλλως
1077 849 1120 889 δὲ
1154 852 1226 889 τοῦ
1252 852 1434 904 Χριστοῦ
1458 848 1629 902 βιαστὴν
1642 846 1676 890 ss

205 916 392 973 ὑπάρχειν
413 919 486 971 τὴν
507 919 710 971 βασιλείαν
731 921 812 958 τῶν
839 915 1020 971 οὐρανῶν
1039 915 1220 968 λέγοντος
1228 947 1241 966 ,
1279 917 1344 956 καὶ
1365 910 1535 967 βιαστας
1557 912 1631 971 ἆρ-

207 983 339 1034 πάζειν
358 984 495 1038 αὐτὴν,
510 986 575 1025 καὶ
594 984 659 1025 διὰ
670 987 828 1025 πολλῶν
843 984 1024 1034 θλίψεων
1043 984 1122 1022 δεῖν
1139 979 1245 1035 ἧμᾶς
1263 983 1317 1030 εἰς
1338 981 1470 1035 αὐτὴν
1484 982 1644 1033 ε’λθεῒν,

210 1049 306 1091 ὅταν
333 1049 413 1106 δρῶ
441 1051 534 1099 τοὺς
556 1050 654 1106 πρὸς
675 1054 855 1092 τοιοῦτον
881 1050 971 1101 βίον
989 1055 1133 1104 χωρεῖν
1156 1048 1543 1109 ἐπαγγελλομένους,
1568 1051 1634 1089 καὶ

208 1121 259 1172 τῇ
297 1115 507 1172 ῦπαλλαγῇ
538 1122 608 1158 τοῦ
634 1115 839 1170 σχήματος
868 1115 999 1171 ὥσπερ
1030 1115 1336 1168 σημειουμένους
1364 1119 1414 1170 τῇ
1441 1116 1629 1172 πολιτείᾳ,

210 1181 371 1239 σφόδρα
392 1188 463 1225 τοῦ
486 1183 777 1238 ἐπαγγέλματος
800 1183 1198 1235 καταψευδομένους,
1234 1183 1300 1222 καὶ
1321 1181 1633 1237 ἀντιφθεγγομέ-
1645 1189 1676 1223 Ιε

209 1267 303 1298 νους
336 1254 392 1306 τῷ
418 1248 605 1303 σχήματι,
640 1250 712 1292 οῦκ
732 1248 822 1291 οῗδα
842 1254 927 1298 πῶς
940 1250 1026 1302 οὗχὶ
1049 1249 1195 1302 σκηνὴν
1212 1249 1365 1290 καλέσω
1383 1248 1430 1290 τὸ
1452 1252 1630 1303 πρᾶγμα,

211 1317 276 1356 καὶ
303 1318 357 1364 εἷς
385 1318 647 1372 βλασφημίαν
671 1321 832 1372 χωροῦν
862 1315 1045 1371 ἄντικρυς
1073 1320 1145 1357 τοῦ
1168 1313 1365 1368 ὀνόματος
1391 1315 1536 1368 εἴποιμι
1562 1319 1634 1356 τοῦ

210 1385 407 1437 Χριστοῦ.
453 1384 532 1425 ἐπεὶ
555 1379 624 1424 οὖν
648 1383 738 1424 οὕτε
761 1381 1000 1436 ἄποστολική
1030 1398 1114 1432 τις,
1152 1380 1241 1423 οὔτε
1262 1381 1432 1437 πατρικὴ
1459 1384 1634 1434 νομοθεὲ-

212 1450 280 1490 σιά
290 1481 304 1501 ,
340 1447 366 1502 ἡ
387 1453 468 1491 τῶν
493 1450 782 1505 πολυπλέθρων
802 1447 955 1490 τούτων
976 1449 1108 1503 ἀγρῶν
1130 1450 1196 1489 καὶ
1223 1452 1304 1489 τῶν
1322 1449 1481 1503 χωρίων
1498 1453 1635 1502 κτῆσις

212 1519 293 1557 τῶν
321 1514 447 1564 οὕτως
464 1513 677 1572 ὗπερφυῶν
703 1517 767 1557 καὶ
794 1516 1015 1571 φροντίδων
1040 1519 1200 1568 πλῆθος
1219 1511 1318 1569 ὖπὲρ
1346 1514 1441 1563 τοὺς
1457 1515 1676 1570 καρποῦςέ

212 1586 350 1640 γεννᾷν
372 1581 604 1637 πεφυκότων
625 1583 726 1640 (πῶς
745 1582 821 1637 γὰρ
845 1581 916 1635 οῦς
950 1582 991 1623 εἷ’
1002 1598 1043 1636 γε
1064 1580 1217 1623 τούτων
1236 1582 1309 1634 μὲν
1327 1578 1352 1634 ἦ
1375 1581 1552 1635 σπουδὴ,
1589 1581 1636 1623 τὸ

214 1648 377 1707 συνῳδὰ
397 1651 549 1704 πρᾶξαί
562 1666 604 1692 τε
624 1651 688 1692 καὶ
704 1646 861 1699 διδάξαι
879 1655 967 1699 ταῖς
986 1652 1058 1691 τοῦ
1071 1651 1253 1704 Χρ’στοῦ
1271 1649 1447 1698 ἐντολαῖς
1459 1661 1470 1671 ·
1498 1648 1634 1702 ἐντολὴ

301 1778 336 1813 9.
369 1773 601 1824 ὑποφαίνειν.
692 1779 745 1816 17.
768 1775 916 1830 βλάβην.
1003 1779 1060 1815 21.
1092 1776 1248 1819 τούτοις.

217 1885 312 1926 tis‚”
336 1887 549 1931 inquientes,
571 1888 683 1933 „quid
712 1889 946 1923 comedendum
971 1888 1085 1928 vobim
1108 1891 1165 1921 aut
1189 1887 1270 1931 quid
1289 1887 1463 1923 bibendum
1483 1888 1576 1923 siff:
1601 1891 1636 1922 et

218 1931 326 1964 avium
342 1938 509 1976 expertem
529 1944 681 1967 curarum
696 1934 800 1967 vitam
818 1933 988 1978 opprobrii
1006 1944 1107 1966 causa
1124 1933 1219 1966 nobis
1235 1933 1438 1967 obiicientes.
1469 1933 1561 1974 Quid
1575 1943 1635 1966 au-

219 1980 286 2008 tem
314 1976 444 2010 divinus
467 1978 566 2012 etiam
591 1978 759 2022 apostolus
784 1979 867 2012 ille‘?
897 1977 1098 2019 ,‚Manus‚’'
1120 1977 1186 2017 ait,
1209 1978 1302 2018 „hae
1325 1983 1391 2011 tam
1415 1978 1516 2018 mihi,
1539 1989 1635 2022 quam

218 2029 343 2052 mecum
366 2022 562 2064 degentibus
588 2023 865 2057 ministrarunt'':
896 2023 997 2063 item,
1020 2022 1226 2063 „Habentes
1253 2023 1425 2063 alimenta,
1456 2027 1492 2055 et
1515 2023 1636 2066 quibus

219 2068 388 2106 tegamur,
413 2066 465 2098 his
488 2068 636 2100 contenti
655 2068 786 2101 erimus.
797 2067 818 2082 ⁷'
863 2068 995 2112 Inspice
1019 2066 1098 2099 mihi
1114 2066 1218 2099 vitam
1235 2066 1383 2099 divorum
1405 2071 1554 2110 patrum,
1578 2066 1636 2144 ‹ffui

220 2108 376 2141 vixerunt
391 2109 424 2141 in
442 2112 608 2155 Aegypto,
629 2112 664 2144 in
681 2113 884 2152 Palaestina,
908 2112 966 2156 qui
981 2110 1213 2150 Alexandriae,
1236 2111 1293 2154 qui
1311 2111 1390 2144 alibi
1405 2111 1515 2144 multis
1532 2111 1577 2144 in*
1599 2122 1638 2144 ο-

221 2153 270 2185 cis
286 2153 376 2185 orbis
392 2158 552 2188 terrarum
566 2157 749 2189 fulserunt:
775 2157 858 2190 adeo
880 2160 1011 2189 tenuem
1029 2155 1195 2195 invenies,
1219 2155 1303 2188 adeo
1320 2156 1561 2199 superfluitatis
1578 2166 1637 2188 ex-

220 2202 370 2242 pertem,
391 2203 428 2231 ut
451 2200 521 2232 sola
545 2213 581 2233 se
606 2201 840 2244 propemodum
864 2202 973 2234 anima
1000 2200 1114 2233 vivere
1132 2199 1363 2240 ostenderent,
1387 2206 1423 2234 et
1447 2200 1636 2244 angelorum

220 2247 371 2282 naturam
391 2254 529 2276 vacuam
551 2245 708 2278 materiae
726 2246 899 2279 crassioris
923 2244 1099 2287 attingere.
1147 2244 1352 2288 ceteroquin
1375 2245 1475 2278 etiam
1503 2245 1637 2278 dicente

223 2286 378 2327 Christo,
408 2298 542 2330 regnum
571 2290 715 2323 coeleste
742 2290 776 2323 vi
802 2289 937 2334 parari,
961 2294 996 2322 et
1023 2300 1044 2321 a
1065 2288 1220 2321 violentis
1239 2289 1275 2321 id
1301 2289 1396 2333 rapi,
1419 2294 1454 2323 et
1479 2293 1636 2334 oportere

223 2342 283 2364 nos
300 2341 361 2374 per
374 2331 603 2373 tribulationes
619 2334 739 2367 multas
762 2346 801 2367 eo
826 2334 1021 2378 pervenire3
1045 2344 1144 2376 quum
1167 2333 1240 2366 illos
1267 2333 1388 2374 video,
1412 2334 1470 2377 qui
1493 2344 1637 2378 pergere

225 2387 260 2408 se
280 2375 322 2408 ad
339 2375 495 2408 eiusmodi
518 2377 619 2410 vitam
637 2379 854 2422 profitentur,
879 2381 915 2411 et
938 2378 1070 2411 habitus
1087 2378 1266 2410 mutatione
1281 2378 1387 2411 veluti
1402 2379 1577 2422 signantur
1591 2378 1636 2411 ad

225 2431 296 2452 eam
318 2419 408 2452 vitae
434 2420 610 2462 rationem,
633 2423 843 2456 vehementer
863 2424 948 2456 hanc
972 2423 1251 2465 exspectationem
1277 2423 1412 2463 fallere,
1442 2427 1543 2466 atque
1567 2421 1636 2465 ipsi

225 2464 352 2496 habitui
370 2465 614 2498 contradicere:
636 2467 748 2500 nescio
768 2467 927 2510 quomodo
954 2478 1023 2500 rem
1044 2471 1146 2500 totam
1162 2477 1227 2500 non
1248 2468 1373 2500 larvam
1390 2467 1559 2511 appellare
1574 2466 1635 2499 de-

224 2508 338 2550 beam,
363 2520 402 2542 ac
422 2521 487 2542 non
512 2510 611 2543 etiam
630 2510 762 2551 dicere,
785 2512 873 2556 quod
890 2511 932 2545 ad
951 2511 1118 2544 infamiam
1134 2512 1274 2544 nominis
1292 2511 1420 2545 Christi
1436 2510 1544 2555 palam
1560 2514 1635 2544 teu-

225 2553 295 2586 dat.
340 2553 502 2592 Quoniam
516 2565 595 2598 ergo
611 2566 673 2587 nec
688 2556 730 2588 ab
749 2555 946 2599 apostolica,
968 2567 1030 2589 nec
1050 2560 1177 2599 patrum
1195 2556 1305 2599 aliqua
1323 2556 1399 2599 lege
1414 2555 1567 2598 profecta
1583 2557 1635 2587 est

225 2596 307 2630 haec
331 2598 373 2630 ad
396 2599 499 2632 multa
523 2610 560 2632 se
579 2599 697 2643 iugera
720 2600 957 2643 porrigentium
977 2612 1130 2643 agrorum
1154 2611 1194 2633 ac
1224 2599 1431 2644 praediorum
1459 2598 1635 2642 acquisitio

225 2646 291 2673 tam
313 2643 577 2686 magnificorum,
608 2647 643 2677 et
666 2654 751 2688 quae
766 2645 939 2684 maiorem,
968 2656 1065 2688 quam
1081 2646 1208 2678 fructus
1225 2644 1310 2688 ipsi,
1333 2643 1459 2687 copiam
1475 2643 1637 2677 sollicitu-

225 2685 334 2718 dinum
358 2687 497 2730 gignere
514 2692 755 2722 consueverunt
771 2690 826 2731 (et
850 2700 988 2732 quonam
1008 2689 1103 2722 modo
1128 2700 1182 2722 res
1206 2689 1257 2722 ita
1281 2699 1345 2721 non
1364 2688 1514 2721 habeat?
1534 2699 1635 2732 quum

226 2729 288 2762 hoc
306 2730 373 2764 illis
390 2733 533 2767 studium
549 2733 662 2777 fuerit,
685 2737 725 2767 ut
742 2737 957 2768 consentanea
975 2729 1105 2768 Christi
1121 2733 1281 2768 mandatis
1296 2733 1445 2768 facerent
1459 2735 1561 2777 atque
1575 2732 1635 2769 do-
