1768 3034
286 151 387 199 200
616 159 694 203 DE
720 158 1108 204 VELITATIONE
1134 156 1371 204 BELLICA

286 280 412 320 νησιν.
449 263 546 307 ἔπὰν
569 264 613 307 δ’
644 265 718 320 οὖχ
735 263 950 321 εὖρήσωσιν
978 263 1096 307 ἐκεῖσε
1117 263 1261 318 αὐτὸν,
1298 260 1390 308 ἀλλ’
1409 263 1703 321 ὖποδοχαρίους

285 332 382 381 τοὺς
399 332 499 388 παρ’
533 331 657 374 αὐτοῦ
677 332 1029 388 καταλειφθέντας,
1065 332 1155 374 δέον
1174 334 1216 374 ἓν
1234 333 1366 390 ἐκείνῳ
1383 337 1442 390 τῷ
1460 331 1569 389 τόπῳ
1590 350 1701 387 γενο-

284 399 428 453 μένους
453 403 657 455 φωνῆσαι·
693 399 789 447 τοὺς
817 400 860 440 δὲ
884 397 1176 455 ὖποδοχαρίους
1207 399 1383 456 ἀκριβῶς
1409 400 1699 454 διασκοπουμέ-
1734 421 1747 427 ·

281 482 395 518 νους,
431 464 547 519 ἡνίκα
574 470 647 520 τῆς
677 470 814 521 φωνῆς
841 465 1087 519 αἴσθωνται,
1125 465 1349 521 ἕνωθῆναι,
1386 468 1451 508 καὶ
1470 467 1537 508 διὰ
1554 467 1702 521 τάχους

68 534 138 567 Fol.
157 535 223 571 381
247 537 340 589 νεῷ
369 537 578 589 στρατηγῷ
607 531 774 581 τούτους
803 531 1021 589 προσάξαι,
1059 534 1133 575 εἴτε
1160 535 1214 582 εἰς
1233 532 1390 589 ἑτέρους
1405 532 1524 575 πάλιν
1545 534 1734 589 ἀγαγεῖνὸ

244 597 595 654 Βῦποδοχαριόυς,
632 603 705 641 τοῦ
733 592 957 655 στρατηγοῦ
985 601 1082 650 ἴσως
1109 599 1228 642 πάλιν
1242 599 1587 655 μετακινήσαντος.
1619 601 1699 657 χρὴ

276 666 353 720 γὰρ
382 666 527 717 αὐτὸν,
565 666 639 708 εἴτε
668 665 798 718 ἅπαξ,
836 667 910 709 εἴτε
930 669 995 709 καὶ
1020 669 1092 718 δὶς,
1125 668 1166 708 ἐν
1183 669 1293 709 νυκτὶ
1310 666 1615 721 μεταπληκεύειν
1632 668 1700 709 διὰ

278 732 429 785 πολλὴν
456 731 697 788 ἀσφάλειαν,
734 734 834 788 πρὸς
852 734 898 775 τὸ
915 734 972 787 μὴ
989 732 1067 775 {mc}
1089 738 1168 775 τῶν
1185 735 1381 787 πολεμίων
1402 735 1695 789 ἐνεδρευθῆναι,

278 797 376 852 ἔχειν
405 799 448 840 δὲ
467 799 590 841 αὐτὸν
603 801 668 841 καὶ
686 801 827 855 βίγλας
844 802 1008 853 διπλᾶς,
1028 792 1100 849 ἐἷς
1118 801 1298 859 φυλακὴν
1315 799 1440 843 αὑτοῦ
1458 801 1662 857 ἀσφαλεῖς.
1767 792 1768 833 Ῑ

351 907 460 941 imo.
482 903 533 940 θ’.
579 905 668 950 Περὶ
689 906 755 950 τῆς
778 903 949 952 κινήσεως
965 907 1034 942 τοῦ
1053 904 1230 952 κου’ρσου,
1252 906 1314 942 καὶ
1336 905 1624 952 ἆκολουθήσεως.
1761 878 1768 910 '¹

375 981 463 1019 Τοῦ
492 982 718 1033 στρατηγοῦ
744 980 877 1020 τοίνυν
906 979 979 1033 τὴν
1005 980 1155 1034 κίνησιν
1170 984 1243 1021 τοῦ
1263 976 1436 1035 κούρσου
1455 978 1697 1034 ἀναμανθοῖ-
1708 989 1754 1023 10

238 1053 438 1096 Ονοντος,
475 1047 700 1100 παραυτίκα
727 1047 793 1086 καὶ
821 1046 952 1101 ἕτερον
983 1045 1156 1099 ἄρχοντα
1182 1046 1286 1100 μεθ’
1316 1046 1463 1089 ἱππέων
1492 1049 1694 1100 ἐκλεκτῶν,

272 1108 599 1164 ὑποτασσόμενον
617 1116 674 1168 τῷ
691 1111 924 1168 τουρμάρχῃ
937 1117 994 1169 τῷ
1014 1114 1305 1155 ἀκολουθοῦντι
1323 1117 1379 1170 τῷ
1398 1112 1570 1171 κούρσῳ,
1594 1115 1696 1157 ἀπο-

273 1178 446 1219 στέλλειν
474 1178 573 1233 πρὸς
603 1177 746 1220 αὐτόν·
783 1178 882 1231 ἔχων
906 1179 1008 1232 μεθ’
1040 1178 1184 1221 ἑαυτοῦ
1215 1178 1236 1223 ὅ
1267 1180 1603 1234 ἀποστελλόμενος
1628 1182 1696 1223 ἵνα
1748 1207 1768 1261 ⁴

271 1248 354 1284 τῶν
384 1244 494 1298 παρὰ
526 1249 599 1286 τοῦ
626 1243 879 1300 τουρμάρχου
907 1247 1193 1302 πεμφθέντων,
1231 1246 1508 1302 καταμηνύσαι
1532 1248 1605 1302 τὴν
1623 1252 1695 1290 τοῦ
1758 1259 1767 1275 ”

271 1308 444 1366 κούρσου
474 1312 624 1365 κίνησιν
652 1316 708 1368 τῷ
733 1317 965 1369 στρατηγῷ,
1002 1318 1075 1354 τοῦ
1095 1314 1195 1369 παρ’
1225 1313 1348 1355 αὐτοῦ
1372 1312 1620 1369 ὄδηγηθῆναι
1640 1300 1768 1372 2:215}

270 1376 318 1417 τὸ
349 1377 515 1433 εὐχερῶς
546 1377 756 1438 ἕνωθῆναι.
811 1381 876 1421 καὶ
906 1380 1026 1428 αὐτὸς
1055 1381 1098 1422 δὲ
1126 1378 1147 1421 ὅ
1175 1381 1396 1435 στρατηγὸς
1427 1381 1594 1423 ὄπισθεν
1621 1386 1715 1423 τοῦ,
1760 1377 1768 1419 i

271 1442 611 1497 ἀποστελλομένου
629 1444 820 1499 ἄρχοντος
837 1444 1114 1500 ἀποκινησάτω
1129 1446 1230 1499 μετὰ
1251 1451 1322 1489 τοῦ
1341 1445 1412 1488 ὕπ’
1436 1448 1559 1489 αὐτὸν
1575 1451 1691 1501 λαοῦ,

269 1512 337 1551 καὶ
374 1510 583 1553 σπευσάτω
611 1515 849 1565 καταλαβεῖν
875 1512 946 1554 τὸν
972 1511 1249 1568 τουρμάρχην·
1296 1512 1404 1563 ὅπως
1431 1514 1602 1566 ’ὄπισθεν
1626 1517 1694 1557 καὶ

269 1577 392 1626 αὗτὸς
416 1582 489 1619 τοῦ
520 1576 775 1633 τουρμάρχου
804 1582 861 1634 τῷ
897 1577 1054 1636 κούρσῳ
1083 1583 1163 1621 τῶν
1184 1581 1380 1633 πολεμίων
1400 1580 1619 1637 ἀκολουθῇ.
1664 1580 1690 1636 ἢ

231 1643 345 1699 Βγὰρ
373 1644 540 1699 ἀκριβὴς
566 1646 631 1686 καὶ
652 1644 868 1694 ἄπταιστος
887 1645 1155 1700 ἀκολούθησις
1173 1647 1215 1687 ἐκ
1234 1651 1313 1688 τῶν
1332 1646 1498 1689 ὄπισθεν
1516 1653 1596 1690 τῶν
1614 1657 1746 1691 710-20

267 1712 412 1764 λεμίων
440 1711 582 1767 ὀφείλει
598 1713 804 1767 γίνεσθαι,
840 1713 943 1755 κατὰ
963 1713 1014 1754 τὰ
1034 1715 1187 1756 ἐκείνων
1205 1712 1335 1768 ἴνιχνα
1353 1715 1419 1755 καὶ
1436 1714 1509 1769 τὴν
1528 1713 1690 1761 ὁδοιπο-

357 1828 390 1861 1.
428 1823 709 1871 ὖποδοχαρίους.
757 1828 810 1862 De
833 1828 897 1863 hac
921 1840 1006 1863 voce
1030 1828 1100 1863 vid.
1129 1829 1280 1875 Ducang.
1307 1830 1460 1864 Glossar.
1495 1831 1559 1866 coL
1588 1830 1687 1868 1644.

355 1873 389 1906 6.
420 1871 736 1917 μετακινήσαντος]
759 1872 808 1918 μή
826 1873 1037 1919 κινήσαντος
1056 1874 1150 1908 codd.

265 1979 351 2002 esse.
399 1969 506 2009 Quem
523 1971 553 2003 si
569 1983 634 2005 non
651 1972 759 2016 ipsum
776 1984 816 2006 eo
834 1972 870 2005 in
884 1972 956 2006 loco
977 1972 1249 2018 deprehendunt,
1270 1983 1384 2007 verum
1411 1978 1623 2019 susceptores
1644 1975 1696 2009 abv

265 2013 323 2045 illo
339 2013 492 2055 relictos,
515 2021 647 2059 oportet
662 2021 701 2050 ut
716 2017 929 2050 advenientes
945 2028 1058 2050 vocem
1076 2017 1223 2050 mittant:
1247 2022 1468 2062 susceptores,
1490 2031 1528 2052 re
1543 2020 1687 2064 diligen-

264 2062 319 2090 ter
336 2058 509 2101 explorata
525 2071 671 2105 voceque
692 2062 825 2106 agnita,
848 2073 886 2095 se
901 2062 968 2094 illis
984 2062 1201 2105 coniungere,
1225 2073 1348 2106 eosque
1375 2063 1529 2097 celeriter
1558 2064 1613 2097 vel
1641 2064 1685 2098 ad

264 2102 399 2142 ducem,
423 2102 476 2136 vel
494 2104 537 2136 ad
554 2105 636 2141 alios
654 2112 864 2150 susceptores
878 2106 1079 2150 perducere,
1102 2107 1130 2139 si
1147 2106 1255 2140 denuo
1278 2107 1368 2139 inter
1387 2108 1471 2141 haec
1490 2108 1596 2142 locum
1614 2109 1685 2142 dux

263 2146 450 2180 mutaverit.
496 2149 642 2192 Oportet
658 2151 743 2184 enim
758 2151 847 2184 illum
861 2176 871 2191 ‚
892 2151 1026 2184 maioris
1045 2151 1235 2184 securitatis
1254 2162 1373 2192 causa,
1397 2163 1439 2185 ne
1456 2153 1498 2185 ab
1522 2153 1684 2187 adversa—

262 2191 324 2223 riis
351 2191 643 2235 circumveniatur,
675 2195 747 2228 sive
767 2195 865 2229 semel
883 2196 955 2229 sive
981 2195 1031 2228 bis
1056 2199 1154 2228 noctu
1182 2195 1246 2229 alio
1268 2197 1481 2241 transgredi,
1504 2198 1680 2232 excubias-

259 2246 324 2280 que
343 2236 467 2269 habere
489 2238 641 2282 duplices
659 2243 694 2272 et
711 2240 821 2273 firmas
838 2240 882 2273 ad
901 2240 1007 2285 ipsum
1025 2240 1286 2274 custodiendum.

391 2328 472 2360 Cir.
493 2327 545 2358 IX.
591 2328 638 2360 De
661 2333 746 2362 motu
764 2341 871 2362 manus
893 2331 1130 2372 praedatoriae,
1153 2333 1187 2361 et
1206 2331 1246 2362 de
1265 2332 1466 2365 insecutione.

347 2390 423 2424 Dux
440 2391 563 2425 certior
577 2393 688 2426 factus
704 2395 919 2437 praedatores
937 2406 1089 2439 egressos
1108 2407 1205 2436 esse,
1234 2396 1397 2440 evestigio
1421 2396 1559 2430 alterum
1576 2407 1677 2441 prae-
1707 2410 1726 2418 ’
1748 2406 1750 2409 ·

258 2434 381 2468 fectum
395 2446 468 2469 cum
485 2436 653 2481 equitibus
668 2438 826 2480 delectis,
850 2440 906 2483 qui
921 2441 1131 2473 turmarchae
1150 2441 1367 2484 praedatores
1383 2441 1568 2485 insequenti
1595 2441 1678 2474 nub·-

260 2480 316 2521 sit,
352 2480 396 2513 ad
426 2491 500 2514 eum
521 2481 654 2514 mittat:
677 2483 733 2526 qui
757 2485 919 2525 mittitur,
941 2495 1052 2517 secum
1070 2485 1193 2518 habeat
1209 2496 1306 2518 unum
1323 2486 1367 2519 de
1382 2485 1449 2518 illis
1461 2509 1472 2525 ‚
1495 2486 1553 2529 qui
1566 2496 1589 2518 a
1602 2489 1677 2517 tur-¹-

258 2526 394 2558 marcha
410 2531 573 2559 venerunt
587 2526 630 2559 ad
656 2528 886 2570 praedatorum
912 2529 1150 2573 profectionem
1174 2530 1249 2562 duci
1275 2530 1540 2572 significandam,
1562 2539 1584 2562 a
1609 2539 1677 2573 quo

258 2568 416 2611 ducatur,
434 2577 472 2603 ut
489 2570 622 2604 facilius
641 2583 678 2604 se
695 2572 894 2615 coniungere
920 2574 1130 2606 turmarchae
1144 2578 1254 2618 queat.
1298 2575 1376 2617 lpse
1398 2574 1486 2614 dux,
1507 2584 1581 2606 cum
1606 2573 1677 2606 mis

257 2614 366 2656 copiis
381 2626 400 2647 a
415 2619 512 2659 tergo
529 2616 693 2659 praefecti
710 2618 881 2660 praemissi
899 2617 966 2650 iter
984 2618 1175 2661 ingressu5‚
1199 2619 1244 2651 ad
1264 2619 1482 2651 turmarcham
1498 2617 1677 2661 pervenire

258 2663 438 2701 properet:
460 2663 500 2692 ut
531 2661 606 2704 ipse
632 2672 781 2705 quoque,
811 2662 1000 2694 turmarcha
1027 2663 1262 2703 antecedente,
1293 2663 1510 2706 praedatores
1534 2662 1677 2695 hostium

255 2701 462 2744 insequatur.
506 2705 659 2749 Diligens
679 2706 764 2740 enim
782 2706 950 2749 erratique
965 2717 1085 2749 expers
1114 2707 1275 2741 insecutio
1296 2719 1317 2740 a
1340 2713 1436 2750 tergo
1454 2707 1597 2740 hostium
1615 2706 1677 2738 de-

258 2745 316 2778 bet
334 2747 629 2787 fieri‚-secundum
652 2750 797 2795 vestigia
819 2756 926 2795 atque
949 2750 1034 2784 itum
1060 2762 1183 2787 eorum.
1228 2752 1438 2786 Turmarcha
1463 2757 1574 2786 autem
1597 2762 1678 2785 ver-
