1748 3094
307 143 611 189 EXCERPTA
638 144 717 189 EX
744 143 1023 188 HISTORIIS
1050 146 1303 191 ARABUM.
1424 143 1523 191 375

91 249 371 302 tei-pretatione
387 248 543 288 nullum
566 263 686 302 penes
705 262 768 288 me
793 255 853 288 est
869 248 1058 288 iudicium
1069 280 1081 300 ‚
1110 263 1333 302 quanquam
1353 267 1521 307 compa-

87 323 170 366 ret,
199 316 296 355 adeo
322 315 534 355 verborum
559 323 715 355 tenaces
741 316 861 356 fuisse
883 316 1138 369 interpretes,
1171 323 1216 355 ut
1243 332 1422 359 sermone
1446 335 1522 374 pa.-

86 396 178 423 rum
196 383 336 422 Latino
354 382 419 421 usi
438 383 539 432 sint;
569 390 738 422 attamen
761 383 923 423 difficile
949 397 1042 422 sane
1062 390 1146 434 est,
1178 384 1333 437 ingenio
1361 388 1517 439 lingua-

84 463 176 489 rum
203 450 463 490 Orientalium
490 451 784 490 accommodare
798 450 976 489 Latinam
996 457 1036 490 et
1062 465 1337 504 saepenumero
1365 467 1517 506 vereor,

83 530 135 557 ne
149 516 255 556 idem
272 517 378 569 quod
393 530 488 555 mox
503 517 547 555 in
561 518 647 556 aliis
664 518 915 569 castigabam‚
946 518 1015 556 alii
1032 518 1076 556 in
1091 532 1155 558 me
1183 521 1407 572 castigaturi
1424 522 1517 563 sint.

191 604 527 658 Abulpharagium
555 606 764 658 excipiunt
794 612 977 659 excerpta
998 619 1047 645 ex
1065 607 1267 647 annalibus
1288 608 1517 658 Abulsedsffi

84 686 108 711 a
119 672 280 711 Reiskio
298 672 434 711 Latine
453 673 617 712 redditis
635 679 675 712 et
692 679 785 725 post
802 680 969 712 mortem
980 674 1056 712 viri
1070 674 1286 714 doctissimi
1306 682 1344 714 et
1360 677 1517 728 linguae
1564 695 1566 697 >

82 738 271 778 Arabicae
289 739 465 791 apprime
480 739 599 791 periti
614 740 778 779 Arabice
793 747 832 779 et
849 741 985 779 Latine
1004 741 1119 780 editis
1136 742 1184 780 ab
1205 743 1237 783 J.
1252 744 1300 783 G.
1315 744 1359 783 C.
1371 744 1513 794 Adler,

81 807 301 859 professore
319 806 533 845 narniensi.
586 806 709 845 Notus
724 813 781 845 est
798 813 936 846 auctor
952 821 1079 859 neque
1095 808 1277 847 instituta
1297 810 1345 848 de
1364 823 1408 848 eo
1427 810 1513 848 dis-

79 873 284 926 putatione
306 879 460 926 tempus
481 873 664 911 obsidebo
693 872 864 911 lectoris.
900 873 961 912 Ex
979 876 1083 912 notis
1104 875 1321 913 Reiskianis
1338 890 1403 914 eas
1419 882 1513 915 tan-

78 947 166 979 tum
186 940 352 990 retinui,
382 953 481 991 quae
506 939 621 978 rebus
653 939 912 980 dilucidandis
941 940 1199 992 inservirent,
1228 942 1386 993 ceteris,
1415 956 1514 994 quae

79 1005 160 1046 huc
177 1020 261 1046 non
278 1008 468 1057 faeemnt,
498 1006 663 1048 omissis.

190 1095 253 1136 Ex
267 1096 457 1134 Elmacini
477 1096 639 1135 historia
655 1095 886 1134 saracenica
908 1109 1007 1147 quae
1026 1110 1291 1149 excerpseram
1307 1129 1319 1146 ‚
1347 1099 1508 1138 omnino

79 1162 216 1212 omisi,
245 1176 366 1214 quum
387 1163 675 1215 comparatione
693 1164 795 1201 facta
811 1163 1018 1212 vidissem,
1046 1163 1105 1201 nil
1123 1165 1202 1202 sere
1228 1164 1275 1201 ab
1299 1178 1344 1203 eo
1360 1179 1510 1204 memo-

77 1229 158 1267 riae
176 1228 379 1280 proditum
401 1230 537 1280 fuisse,
569 1230 676 1281 quod
695 1242 777 1266 non
797 1228 997 1281 copiosius
1013 1235 1052 1268 et
1071 1229 1210 1268 melius
1226 1230 1303 1268 iam
1321 1231 1511 1271 traditum

75 1295 129 1334 sit
146 1295 194 1334 ab
217 1294 509 1348 Abulpbaragio
532 1302 571 1335 et
589 1295 794 1338 Abulfeda.

185 1386 336 1425 Ultimo
356 1385 523 1436 denique
540 1386 629 1424 loco
647 1386 785 1424 Latine
802 1385 1082 1436 interpretatus
1100 1398 1186 1423 sum
1202 1390 1354 1436 partem
1371 1383 1509 1435 libelli,
1589 1415 1596 1419 .

77 1459 169 1492 ante
187 1452 263 1492 hos
286 1459 377 1492 octo
404 1466 528 1491 annos
555 1453 653 1492 editi
673 1467 697 1490 a
718 1453 765 1492 V.
787 1452 935 1490 clariss.
962 1451 1012 1489 G.
1038 1451 1108 1491 JV.
1133 1452 1361 1502 Freltagio‚
1391 1450 1507 1502 lingg.

78 1521 244 1559 Orientt.
269 1520 314 1558 in
330 1519 405 1558 hac
425 1520 629 1558 Academia
648 1508 883 1573 profi-publ.
902 1517 1042 1568 ordin„
1071 1531 1184 1568 quem
1202 1518 1357 1569 linguae
1367 1517 1510 1556 Arabi-

76 1600 145 1626 cae
170 1593 461 1639 praeceptorem
490 1587 576 1639 ipse
602 1600 791 1636 veneror,
819 1585 897 1624 hoc
921 1583 994 1622 sub
1025 1584 1166 1622 titulo:
1195 1583 1416 1634 Regierung
1441 1583 1509 1622 des

74 1653 463 1704 Saahd-Addaulazu
477 1653 639 1705 Aleppo.
669 1655 750 1692 Aus
770 1653 875 1691 einer
886 1651 1123 1689 Arabischen
1133 1649 1393 1689 Handschrift
1411 1649 1508 1688 her-

76 1719 311 1771 ausgegeben
338 1732 419 1758 von
446 1720 492 1757 G.
520 1722 582 1758 W.
605 1720 770 1770 Freitag.
827 1719 975 1756 Textus
994 1716 1199 1765 Arabicus,
1230 1717 1296 1768 qui
1314 1717 1403 1755 heic
1422 1718 1509 1769 pri-

75 1799 186 1826 mum
218 1785 326 1837 typis
364 1786 583 1837 exscriptus
616 1793 695 1836 est,
725 1791 933 1837 excerptus
962 1789 1020 1821 est
1045 1796 1066 1822 e
1092 1783 1226 1821 codice
1243 1784 1410 1822 Arabico
1430 1785 1507 1823 Pa-

74 1853 249 1902 risiensi,
279 1852 390 1891 cuius
418 1859 569 1904 partem
596 1853 675 1890 iam
703 1859 814 1890 antea
841 1850 992 1903 publici
1016 1850 1114 1888 iuris
1138 1851 1284 1888 fecerat
1310 1850 1415 1888 idem
1441 1850 1506 1890 vir

75 1921 241 1969 doctus,
269 1919 346 1957 boc
364 1919 513 1958 indice:
541 1920 691 1957 Selecta
716 1932 766 1957 ex
784 1917 950 1956 historia
968 1917 1128 1966 Halebi3
1158 1917 1216 1956 ed.
1242 1918 1289 1954 G.
1314 1919 1375 1958 W.
1392 1917 1505 1956 Frei-

74 1993 151 2038 tag.
203 1986 380 2025 Lutetiae
404 1986 657 2026 Parisiorum.
687 1988 806 2028 1819.
861 1983 1076 2023 Praemissa
1102 1989 1161 2021 est
1189 1984 1345 2035 copiosa
1362 1990 1402 2022 et
1426 1984 1503 2022 bo-

74 2067 149 2092 nae
174 2053 298 2104 frugis
323 2054 440 2105 plena
475 2051 635 2091 editoris
660 2052 869 2103 praefatio,
905 2051 953 2089 in
977 2064 1054 2101 qua
1081 2050 1129 2088 de
1156 2051 1327 2088 auctoris
1354 2051 1438 2089 vita
1464 2057 1505 2089 et

73 2121 153 2160 fide
178 2121 279 2160 libro
299 2121 379 2158 eius
402 2119 580 2158 habenda
598 2125 778 2157 accurate
798 2118 1039 2170 disputatum
1067 2123 1148 2165 est;
1176 2117 1359 2156 brevibus
1383 2117 1503 2168 igitur

73 2189 114 2228 h.
137 2189 166 2227 l.
182 2201 267 2227 rem
283 2186 467 2239 expedire
482 2198 655 2237 possum.
706 2187 829 2224 Natus
850 2191 907 2223 est
934 2190 1073 2223 auctor
1092 2198 1194 2223 auno
1219 2184 1391 2222 Arabum
1419 2186 1502 2226 588

72 2255 234 2304 Halebi3
269 2267 414 2292 nomen
443 2252 479 2290 ei
505 2252 583 2290 suit
608 2251 779 2290 Ohmaro
803 2251 1094 2300 ben-Ahmed,
1125 2251 1347 2301 designatur
1372 2257 1501 2289 autem

73 2323 306 2374 plerumque
331 2318 560 2370 cognomine
587 2318 850 2357 Cemaleddini
882 2315 926 2372 (Ι.
948 2319 976 2358 1.
1002 2333 1044 2370 p.
1079 2317 1282 2372 XXXVI).
1325 2318 1396 2356 Vir
1425 2317 1502 2354 fuit

73 2401 185 2428 rarae
205 2386 426 2435 doctrinae,
454 2385 617 2424 eximiae
634 2385 866 2438 prudentiae
878 2415 890 2435 ‚
922 2386 972 2424 ad
997 2399 1059 2424 res
1076 2387 1239 2437 agendas
1256 2391 1368 2422 natus
1386 2389 1500 2432 atque

74 2461 214 2508 aptus,
252 2452 488 2503 summisque
514 2452 726 2491 honoribus
746 2467 768 2489 a
796 2453 1039 2505 principibus
1059 2453 1142 2491 suis
1176 2457 1356 2497 ornatus3
1395 2448 1497 2486 diem

74 2521 173 2560 obiit
199 2531 423 2571 supremum
439 2532 541 2556 anno
560 2522 642 2561 660
656 2518 791 2568 Mizri,
821 2518 966 2570 oppido
982 2520 1230 2571 Aegyptiaco.
1285 2515 1498 2555 Historiam

74 2586 215 2626 Halebi
231 2586 324 2624 inde
341 2598 365 2622 a
387 2584 524 2636 primis
549 2585 659 2623 urbis
680 2585 801 2624 initiis
822 2585 1027 2636 diligenter
1046 2593 1086 2624 et
1107 2590 1285 2623 accurate
1298 2612 1310 2631 ,
1339 2595 1438 2632 puro
1458 2587 1498 2619 et

75 2653 249 2705 simplici
275 2651 431 2691 dicendi
447 2664 583 2702 genere
600 2665 719 2702 usus,
745 2652 953 2691 memoriae
970 2651 1188 2699 mandavit,
1215 2647 1390 2687 veritatis
1404 2660 1499 2699 prae

78 2721 214 2760 ceteris
242 2719 463 2764 studiosus3
500 2731 576 2769 qua
600 2718 649 2756 de
668 2732 711 2759 re
740 2719 913 2758 iudicent
940 2719 1103 2757 lectores
1129 2715 1228 2768 ipsi,
1258 2715 1292 2754 si
1318 2721 1498 2767 excerpta
