1768 3034
336 134 432 181 122
808 137 1008 183 LEONIS
1034 137 1269 182 DIACONI

121 253 159 285 Δ.
177 254 220 285 Μ.
237 253 324 289 6479
337 246 377 295 ἐς
394 244 440 287 τὸ
460 243 635 301 ἀσφαλὲς
653 242 918 298 ὡπλισμένους
938 243 1179 299 ἀνειληφὼς,
1200 242 1338 301 λάθρα
1358 249 1430 288 τοῦ
1447 243 1624 303 χάρακος
1643 244 1738 297 ἕξει-

164 300 230 330 lud.
250 298 293 334 ¹4
337 330 397 364 σι,
435 313 500 354 καὶ
526 312 597 365 τὴν
627 313 688 353 ἐπὶ
717 312 763 354 τὸ
784 315 863 353 τῶν
884 309 1100 366 Τυράννων
1117 309 1309 367 φρούριον
1335 311 1531 367 ἄγουσαν,
1568 312 1589 356 ὃ
1611 314 1739 356 Ἀντι-

205 389 245 423 Ρ.
268 389 311 424 75
333 379 426 435 γοὺς
442 379 636 432 κέκληται,
661 378 720 434 ᾔει
733 392 742 403 ·
779 376 886 434 ὅπερ,
913 378 959 420 τὸ
981 382 1052 432 τῆς
1066 375 1189 431 τύχης
1204 380 1450 432 παλίμβολον
1467 378 1737 436 ὑφορώμενος,

330 448 373 488 ἐκ
392 450 539 487 πολλοῦ
559 444 797 501 ἐκρατύνατο
809 476 823 496 ,
850 451 960 486 σῖτον
979 446 1020 486 ἐν
1039 445 1147 501 αὐτῷ
1166 447 1232 486 καὶ
1251 446 1508 501 παντοδαπὴν
1525 447 1636 500 χιλὸν
1654 447 1740 488 ἐπι-

330 509 681 565 δαψιλευσάμενος.
719 509 740 553 ὃ
760 512 803 553 δὲ
817 515 968 567 χῶρος,
1001 512 1069 553 ἵνα
1089 515 1146 568 τῷ
1176 514 1304 570 Φωκᾷ
1328 511 1473 572 Βάρδα
1495 511 1516 555 ὃ
1545 516 1768 555 ‹rumam-5

330 580 431 633 σμὸς
458 579 683 629 διαλέλυτο,
721 576 967 633 Βαρδάηττα
993 578 1164 620 ἐκαλεῖτο
1197 578 1401 622 ἀνέκαθεν.
1453 578 1621 635 Βάρδας
1647 580 1690 621 δὲ
1717 577 1739 620 ὃ

330 643 619 702 στρατηλάτης,
656 644 725 687 τὸν
742 645 922 701 δρασμὸν
941 645 1123 699 διαγνοὺς
1146 648 1218 686 τοῦ
1251 649 1397 698 (Deoua,
1434 644 1593 700 συνάμα
1619 643 1739 701 λογά-

332 730 395 761 σιν
428 710 739 764 ἐξιππασάμενος
746 743 759 762 ,
797 710 880 752 ἔθει
909 710 1071 754 διώκων.
1127 711 1219 753 ἀλλ’
1258 712 1381 754 αὐτοῦ
1408 713 1480 765 μὲν
1510 712 1736 767 διήμαρτεν,

331 780 409 834 ἤδη
430 784 486 837 τῷ
508 780 687 835 φρουρίῳ
707 778 1008 827 ἀνασωθέντος·
1036 783 1115 821 τῶν
1137 779 1180 819 δὲ
1198 777 1341 821 τούτου
1364 784 1603 832 συνωμοτῶν
1622 778 1741 827 ὅσους

333 847 500 902 ζωγρίας
537 845 669 900 rampe
680 877 693 896 ,
730 849 811 886 τῶν
850 845 1075 900 ὀφθαλμῶν
1111 844 1368 901 ἀπεστέρησε,
1404 846 1768 901 προστεταγμένον]

332 914 432 968 πρὸς
449 912 644 965 βασιλέως
661 910 759 965 ἔχων
778 909 890 955 αὗτό,
934 912 1083 967 λέγεται
1101 913 1145 955 δὲ
1163 911 1209 952 τὸ
1225 914 1397 967 χωρίον,
1429 913 1498 953 *ἵνα
1518 920 1603 961 τοῖς
1622 912 1741 953 ἄθλι’-

333 996 393 1028 οις
419 979 465 1020 τὸ
494 982 676 1021 τοιοῦτον
705 978 849 1032 συνέβη
878 976 1085 1032 ἀτύχημα,
1124 976 1432 1033 Τυφλοβιβάρια
1462 977 1739 1032 ὀνομάζεσθαι.

297 1046 464 1100 Βὲμοιγε
493 1041 564 1089 οὗν
593 1044 712 1087 ἔπεισι
740 1043 980 1098 θαυμάζειν,
1020 1043 1125 1093 ὅπως
1143 1045 1185 1094 ἐξ
1203 1043 1403 1093 ἐπιπνοιάς
1421 1044 1527 1093 τινὸς
1555 1045 1594 1087 οἱ
1621 1043 1744 1085 πάλαι

331 1111 551 1166 κινούμενοι
581 1112 789 1167 ἄνθρωποι
817 1111 895 1153 ἀπὸ
917 1116 989 1166 τῆς
1008 1116 1087 1154 τῶν
1113 1109 1356 1167 πραγμάτων
1374 1109 1571 1164 ἐκβάσεως
1592 1126 1744 1166 προση-

331 1178 481 1228 κόντως
506 1181 571 1221 καὶ
599 1177 854 1232 καταλλήλως
881 1178 953 1227 τὰς
979 1178 1246 1234 προσηγορίας
1270 1184 1355 1226 τοῖς
1380 1176 1517 1226 τόποις
1545 1179 1768 1223 ἐτίθεσαν.1

331 1246 412 1286 ἐπεὶ
427 1246 578 1300 λέγεται
596 1247 661 1287 καὶ
678 1245 843 1287 Λέοντα
862 1245 931 1287 τὸν
954 1247 1100 1287 Φωκᾶν
1108 1276 1122 1297 ,
1157 1243 1228 1286 τὸν
1246 1244 1346 1299 πρὸς
1359 1242 1524 1286 πάππου
1539 1248 1650 1286 θεῖον
1671 1247 1744 1285 τοῦ

331 1310 501 1368 Βάρδα,
538 1312 633 1361 τούς
662 1311 901 1368 ὄφθαλμοῦς
926 1312 1133 1365 ἐκκοπῆναι
1170 1310 1365 1364 ἀνηλεῶς,
1402 1308 1671 1364 ὀνομάζεσθαι
1702 1310 1746 1351 δὲ

330 1379 400 1420 τὸν
421 1383 578 1434 χῶρον,
615 1379 720 1420 καθ’
755 1377 799 1420 ὃν
824 1378 896 1432 τὴν
924 1375 1110 1432 τοιαύτην
1143 1375 1292 1431 ὖπέστη
1317 1377 1479 1431 ποινὴν,
1513 1376 1741 1430 Ὠηλέοντα,

119 1457 187 1488 Ὲοὶ.
208 1455 277 1491 306
291 1467 316 1489 ι·.
335 1445 435 1500 πρὸς
455 1447 499 1486 δὲ
520 1449 591 1498 τῆς
621 1445 844 1501 ἀγροικικῆς
861 1446 1053 1492 ἰδιωτείας
1072 1447 1286 1497 κεκλῆσθαι
1306 1447 1346 1485 Γ
1343 1444 1528 1485 ωλέοντα.
1576 1443 1678 1485 ἀλλὰ
1694 1442 1746 1484 τὰ

330 1514 402 1566 μὲν
424 1516 504 1553 τῶν
522 1513 662 1553 τίσεων
682 1512 812 1566 χωρία
839 1509 1026 1559 τοιαύτας
1042 1510 1233 1565 ἀνέκαθεν
1258 1509 1330 1558 τὰς
1349 1510 1572 1562 ἐπωνυμίας
1589 1508 1768 1565 εῗλήφθε

331 1594 420 1620 σαν.
458 1578 505 1619 οὗ
525 1578 718 1632 παρέλκον
732 1579 774 1618 δὲ
794 1577 889 1626 ἴσως
907 1576 1009 1634 δόξει
1028 1577 1072 1618 τὸ
1094 1578 1159 1618 καὶ
1178 1576 1247 1618 τὸν
1264 1574 1412 1632 τρόπον
1428 1580 1502 1630 τῆς
1518 1580 1591 1618 τοῦ
1608 1576 1745 1620 Λέον-

332 1662 402 1694 τος
420 1642 699 1699 ἐκτυφλώσεως
717 1643 820 1685 κατὰ
846 1643 1109 1699 παραδρομὴν
1134 1644 1303 1692 ἐξειπεῖν.

296 1717 327 1749 C
434 1710 478 1762 ζ’.
506 1710 617 1766 ’Άρτι
632 1715 702 1752 τοῦ
719 1709 1013 1767 αὐτοκράτορος
1028 1710 1211 1758 Λέοντος
1228 1706 1396 1766 φθινάδι
1414 1705 1519 1767 νόσῳ
1535 1711 1615 1751 τῶν
1631 1706 1745 1751 {wer

420 1830 455 1864 2.
485 1829 558 1862 τῶν
578 1828 786 1875 Τυράννων.
834 1829 1005 1863 cedrenus
1020 1827 1063 1860 II.
1088 1828 1164 1862 670.
1187 1827 1228 1861 O.
1249 1825 1292 1861 τό
1314 1823 1536 1871 Τυροποιόν.
1610 1827 1644 1862 6.
1665 1824 1746 1861 ἐκα-

422 1875 529 1907 λεῖτο.
563 1874 655 1908 Fert.
677 1878 846 1910 καλεῖται.
937 1875 991 1909 16.
1019 1871 1170 1907 πάππον
1192 1871 1266 1906 cod.

335 1974 463 2013 centos,
478 1973 581 2016 probe
596 1978 747 2016 armatos,
766 1974 861 2019 sequi
872 1986 945 2008 sese
958 1972 1067 2013 iussit,
1084 1972 1237 2015 valloque
1252 1971 1335 2004 clam
1353 1980 1507 2014 egressus
1515 1969 1748 2013 Tyrannorum

334 2022 478 2050 castrum
497 2029 622 2059 versu-«3,
647 2020 736 2063 quod
752 2021 893 2064 Antigus
908 2022 1063 2057 vocatur,
1085 2018 1201 2059 fugere
1218 2015 1338 2059 coepit.
1383 2015 1423 2047 Id
1438 2014 1617 2056 castellum,
1640 2015 1749 2047 fortu-

334 2073 397 2095 nae
422 2061 673 2097 inconstantiam
699 2076 838 2105 verens,
871 2065 937 2097 iam
963 2063 1086 2095 dudum
1105 2060 1355 2100 communierat,
1379 2058 1590 2102 comportatis
1612 2069 1651 2091 eo
1675 2059 1750 2091 fru-

336 2109 445 2140 mento
471 2112 507 2140 et
526 2108 684 2152 cuiusque
701 2109 788 2142 modi
802 2108 976 2142 alimenti&
1020 2107 1128 2139 Locus
1144 2110 1266 2144 autem,
1287 2115 1351 2148 quo
1367 2103 1403 2136 in
1419 2104 1490 2136 loco
1510 2102 1641 2135 Bardae
1657 2103 1749 2135 Pho-

337 2163 399 2184 cae
414 2152 578 2185 exercitus
601 2153 746 2197 dilapsus
766 2158 837 2194 est,
860 2153 1044 2187 Bardaetta
1064 2150 1293 2183 nominabatur
1319 2148 1512 2191 antiquitus.
1557 2147 1648 2180 Inter
1664 2147 1748 2180 haec

338 2196 467 2230 Bardas
482 2197 664 2240 Magister,
687 2199 819 2231 Phocae
837 2198 919 2241 fuga
937 2196 1080 2240 cognita,
1101 2195 1268 2238 profectus
1287 2203 1358 2225 cum
1376 2192 1472 2225 lectis
1491 2191 1657 2236 equitibus
1669 2201 1748 2224 con-

337 2241 449 2274 restim
467 2246 519 2274 est
534 2242 715 2275 insecutus,
763 2243 963 2286 Quanquam
978 2242 1062 2274 hunc
1078 2239 1210 2282 quidem
1224 2241 1340 2270 nactus
1359 2248 1424 2270 non
1442 2239 1512 2278 est,
1537 2235 1625 2279 quod
1642 2235 1678 2267 in
1691 2246 1750 2287 ῳ-

338 2285 468 2318 stellum
494 2292 691 2330 pervenerat
712 2287 903 2319 incolumis:
926 2297 968 2319 ex
985 2284 1164 2318 coniuratis
1182 2286 1291 2315 autem
1309 2285 1470 2324 quotquot
1487 2281 1638 2324 captivos
1653 2279 1750 2321 fecit,
1766 2311 1768 2313 .

339 2330 514 2363 luminibus
532 2330 692 2374 privavit,
715 2331 801 2363 sicut
817 2334 892 2363 erat
908 2331 958 2363 illi
974 2331 1016 2363 ab
1033 2329 1236 2372 Imperatore
1255 2326 1453 2359 mandatum.
1498 2326 1685 2376 Locusque,
1713 2322 1749 2356 in

339 2385 406 2418 quo
427 2375 555 2408 miseris
580 2386 643 2408 usu
668 2375 761 2408 venit
776 2375 934 2408 eiusmodi
958 2373 1144 2412 calamitas,
1166 2371 1244 2404 inde
1263 2370 1384 2403 dicitur
1409 2369 1674 2413 Typhlovxvana
1691 2378 1751 2419 ap:

341 2419 469 2463 pellari.
509 2420 586 2459 Qua
598 2419 634 2452 in
648 2430 685 2452 re
704 2419 816 2452 mirari
835 2420 935 2459 subit,
958 2416 1222 2463 quemadmodum
1237 2415 1334 2459 quasi
1348 2412 1486 2458 quodam
1501 2413 1658 2464 instinctu
1672 2416 1751 2444 mot!

342 2463 466 2498 vetusti
491 2464 646 2498 mortales
673 2467 751 2506 apte
767 2468 802 2496 et
821 2463 1053 2496 convenienter
1071 2474 1113 2495 ex
1129 2471 1237 2494 rerum
1253 2463 1374 2492 eventu
1390 2458 1519 2491 nomina
1534 2458 1614 2490 locis
1631 2466 1768 2499 posue--

342 2509 420 2542 rint·
478 2509 614 2553 Quippe
640 2511 675 2542 et
690 2508 794 2541 Leoni
812 2508 965 2548 Phocae,
988 2511 1107 2552 patruo
1133 2516 1251 2548 magno
1274 2502 1557 2554 Eandem-oculos
1574 2499 1768 2549 crudeliter-3

340 2558 456 2587 erutos
473 2566 549 2587 esse
565 2553 741 2597 perhibent
751 2577 761 2592 ‚
777 2553 947 2595 locumque
959 2576 969 2592 ‚
990 2551 1047 2584 ubi
1062 2561 1198 2594 poenam
1214 2549 1301 2581 illam
1321 2547 1478 2586 subierit,
1494 2546 1655 2580 ofileonta
1669 2554 1753 2595 nui}-
1766 2570 1768 2573 .

342 2604 518 2642 cupatum,
542 2598 706 2632 Goleonta
722 2597 852 2640 agresti
871 2595 1104 2629 consuetudine
1125 2593 1247 2628 vocari.
1292 2593 1346 2625 Ita
1359 2592 1432 2624 loca
1448 2590 1768 2642 punitionum-antb-

342 2644 456 2686 quitus
481 2644 564 2678 talia
589 2642 719 2676 nomina
741 2641 948 2674 invenerunt.
1000 2640 1122 2683 Neque
1138 2639 1197 2672 abs
1213 2650 1251 2671 re
1273 2638 1414 2670 fortasse
1431 2635 1617 2673 videbitur,
1640 2643 1670 2666 sl
1689 2641 1753 2676 quo

342 2691 441 2731 pacto
460 2691 657 2722 excaecatus
673 2686 777 2720 fuerit
790 2687 871 2726 Leo,
892 2685 927 2718 in
943 2685 1087 2718 transitu
1104 2684 1382 2717 demonstravero.

432 2739 467 2773 7.
491 2734 561 2767 Leo
586 2733 767 2777 Imperator
782 2741 855 2765 cum
870 2730 948 2763 tabe
964 2732 1153 2763 consumtus
1166 2728 1254 2763 diem
1268 2737 1361 2761 suum
1378 2723 1535 2764 obiisset,
1558 2718 1754 2758 Alexander,
