1734 3028
213 116 340 166 510,
610 155 614 158 »
664 123 712 167 G.
739 124 785 167 B.
814 121 968 166 HASII
995 123 1200 177 NOTAE

211 234 345 267 tarent
362 234 590 280 argentum,
620 242 699 266 non
724 226 840 266 modo
864 226 914 265 id
926 225 1038 279 quod
1052 225 1233 269 incendio
1253 226 1574 282 deflagraverat,
1596 243 1661 268 ve-

213 279 309 324 rurn
324 286 446 322 etiam
470 283 692 336 quodquod
706 298 942 335 suspensum
967 291 1053 322 erat
1068 283 1127 322 ad
1136 286 1299 335 festum
1315 283 1661 324 cohonestandum.

214 342 283 381 Ita
305 342 462 393 aliquis
487 342 552 380 vir
579 340 829 392 spectabilis,
858 342 931 392 qui
960 341 1112 381 militia
1134 337 1306 390 'honesta
1334 342 1477 381 scrinii
1496 343 1661 391 Dacici,

215 395 327 450 quod
360 399 503 445 aiunt,
522 397 798 449 fungebatur,
826 396 901 434 sub
939 395 1196 448 dispositione
1230 399 1413 451 virorum
1436 390 1662 436 illustrium

208 454 505 518 praefectorum
527 468 601 504 per
622 454 853 502 Illyricum,
884 465 1018 491 secum
1040 460 1251 505 reputans,
1280 451 1444 492 modum
1468 467 1548 491 esse
1562 454 1662 491 nul-
1718 498 1722 502 Ι

215 511 323 559 lum,
353 524 431 562 quo
454 511 538 546 sine
559 510 743 546 molestia
759 483 993 560 indictaque
1014 523 1140 547 causa
1157 524 1202 547 ex
1222 510 1387 548 ecclesia
1407 509 1510 562 pelli
1539 509 1663 547 turba

206 573 371 618 posset,
399 567 484 603 nisi
510 567 602 617 quis
631 565 810 603 subitam
838 564 1104 603 barbarorum
1125 567 1390 604 incursionem
1395 573 1661 618 praetexeret,

215 629 407 660 coronato
435 622 585 659 victore
618 636 685 659 cor
724 623 809 660 eius
849 620 908 659 ad
935 620 983 659 id
1003 617 1274 673 permovente,
1301 623 1478 660 clamare
1510 624 1661 674 coepit:

215 679 299 729 „ci
301 692 388 727 ves,
418 677 584 715 barbari
608 677 668 715 ad
692 692 850 715 murum
880 686 1155 729 apparuerunt
1181 680 1413 730 inopinato.-
1443 680 1546 730 quin
1570 692 1678 727 cum.¹

215 736 344 772 armis
371 707 503 771 bmnes
522 749 600 785 pro
624 736 769 799 patria
790 736 1031 786 procurrite.
1036 732 1063 751 ’²
1120 736 1235 772 Haec
1268 735 1337 772 ille
1368 735 1589 781 simulans,
1616 741 1675 771 ut.

215 791 370 841 vulgus
386 789 569 828 videlicet
586 792 707 828 exciri
733 805 778 828 ex
805 791 987 840 ecclesia,
1015 790 1287 843 vestibulaque
1304 790 1465 829 occludi
1474 797 1659 842 possent,

208 855 430 899 posteaque
448 845 583 884 sedate
600 848 841 912 conquisitio
857 848 1015 911 argenti
1025 849 1118 896 fusi
1125 847 1255 898 fieret.
1311 846 1475 884 Atenim
1501 845 1549 884 id
1563 860 1662 897 pro·

214 902 398 943 videntia
419 902 569 940 accidit
584 904 873 954 gloriosissimi
889 904 1095 954 Martyris,
1125 918 1173 941 ne
1192 905 1406 941 inscientia
1431 909 1570 940 nostra
1588 916 1678 944 no··,
1719 947 1723 950 γ

212 966 283 997 ctu
295 960 593 1011 periclitaretur
621 961 779 999 civitas.
826 960 935 996 Nam
950 960 1129 1010 populus
1148 961 1298 1008 omnis,
1328 957 1477 997 audita
1497 958 1576 996 illa
1592 972 1679 998 nec.

215 1016 385 1067 opinata
410 1029 516 1064 voce,
545 1017 588 1052 in
606 1015 765 1053 domum
782 1017 948 1066 quisque
961 1030 1080 1052 suam
1108 1017 1301 1064 cucurrit,
1329 1017 1533 1067 armisque
1550 1028 1675 1053 sum-.

215 1073 271 1108 tis
294 1085 430 1108 muros
451 1070 685 1111 conscendit.
743 1069 843 1125 (lli.)
874 1071 938 1110 lbi
960 1073 1212 1123 conspiciunt
1230 1074 1275 1110 in
1289 1085 1429 1122 campo
1443 1069 1679 1111 venerandi.

213 1126 371 1164 delubri
389 1129 579 1177 martyris
605 1128 809 1166 Christum
824 1130 1024 1179 gestantis
1047 1129 1261 1166 Matronae
1279 1128 1441 1166 turbam
1459 1127 1662 1166 barbaro-

213 1197 305 1221 rum
319 1214 331 1233 ,
358 1198 438 1220 non
454 1185 515 1220 ita
542 1182 701 1235 quidem
719 1198 911 1235 magnam
942 1182 1024 1236 (ad
1039 1186 1209 1236 quinque
1227 1185 1361 1223 millia
1385 1183 1677 1222 aestimabam-⁴

214 1246 285 1276 tur
314 1253 343 1276 a
371 1238 530 1292 nobis),
569 1240 722 1277 viribus
747 1247 882 1278 autem
903 1241 1130 1290 plurimum
1160 1241 1373 1290 valentem,
1413 1238 1525 1291 quod
1549 1239 1662 1277 electi

213 1302 340 1332 essent
368 1309 500 1332 omnes
527 1302 564 1332 et
596 1298 638 1333 in
677 1296 790 1333 bellis
816 1299 1029 1337 exercitati.
1085 1298 1220 1348 ,Neque
1246 1304 1332 1335 tam
1359 1296 1491 1334 subito
1524 1294 1675 1334 adorti.
1697 1304 1700 1306 ’

215 1358 340 1388 essent
359 1359 519 1388 tantam
537 1352 692 1401 urbem,
723 1354 803 1390 nisi
819 1353 956 1391 robore
975 1360 1011 1390 et
1029 1355 1164 1390 animo
1186 1359 1381 1404 quotquot
1398 1365 1562 1389 suorum
1578 1365 1661 1390 uri-

216 1421 343 1459 quam
358 1407 594 1459 praeliandi
622 1423 750 1445 causa
780 1410 955 1446 exierant
973 1416 1237 1460 superassent.
1298 1409 1412 1447 Cives
1439 1416 1495 1445 ut'
1509 1423 1529 1444 e
1548 1421 1660 1445 muro

216 1464 429 1501 clamorem
448 1465 716 1514 sustulerant,
744 1463 990 1514 adversariis
1003 1467 1214 1516 perspicue
1231 1466 1330 1503 visis
1349 1463 1370 1515 (
1370 1466 1455 1501 iam
1476 1465 1579 1502 enim
1598 1462 1661 1500 di.
1676 1508 1678 1511 .

216 1520 404 1557 luculum
424 1527 511 1557 erat
523 1549 533 1568 ,
563 1528 600 1557 et
625 1521 815 1572 surgebat
840 1519 970 1573 dies),
988 1522 1171 1571 plerique
1192 1519 1484 1569 descendentes,
1510 1533 1662 1557 resera-

214 1578 270 1613 tis
280 1578 427 1627 portis,
460 1576 618 1614 Christo
637 1584 674 1613 et
691 1584 878 1615 coronato
898 1579 1042 1615 victore
1060 1577 1154 1614 illos
1171 1577 1392 1625 roborante,
1407 1577 1523 1626 foris
1534 1589 1674 1626 prae-.

214 1633 317 1670 lium
345 1646 438 1669 cum
455 1632 639 1669 hostibus
651 1634 861 1682 ficerunt,
891 1635 961 1684 qui
972 1634 1119 1683 furore
1135 1634 1326 1682 feritatis
1346 1647 1450 1671 *suae
1471 1634 1557 1669 iam
1585 1645 1674 1669 us-,

215 1702 292 1739 que
310 1687 369 1726 ad
387 1696 611 1739 augustum
619 1691 777 1738 fanum
802 1691 925 1726 trium
941 1696 1174 1727 sanctarum
1194 1696 1417 1739 martyrum
1428 1718 1439 1738 ,
1472 1685 1672 1737 Cliionae‚.

214 1744 351 1783 Irenae
368 1752 405 1782 et
420 1744 594 1796 Agapes‚
608 1753 863 1796 proruerant.
897 1744 956 1794 ld,
979 1753 1024 1783 ut
1041 1747 1166 1793 scitis,
1181 1746 1362 1796 proxime
1380 1744 1489 1782 abest
1502 1758 1530 1782 a
1541 1757 1671 1783 mure.

214 1800 340 1839 urbis.
398 1801 463 1839 Ita
483 1815 573 1838 cum
593 1800 652 1838 ad
670 1803 842 1840 multum
858 1796 961 1838 diem
981 1803 1099 1839 alteri
1117 1802 1255 1838 alteris
1276 1807 1563 1848 concurrerent,
1591 1801 1660 1843 in,-

211 1858 520 1908 sectationesque
541 1871 590 1894 ac
608 1872 784 1895 recessus
806 1872 886 1895 non
908 1859 992 1894 sine
1014 1857 1243 1894 discrimine
1247 1858 1436 1906 facerent
1453 1854 1660 1907 oppidani,

212 1910 300 1948 ideo
331 1912 440 1963 quod
457 1914 545 1965 flos
578 1928 623 1950 ex
653 1916 761 1951 omni
789 1915 1066 1952 Sclavinorum
1083 1921 1199 1965 gente
1221 1913 1441 1962 delibatus,
1469 1913 1572 1949 sicut
1591 1910 1660 1948 di-

214 1974 326 2004 ctum
357 1976 437 2017 est,
464 1971 507 2006 in
536 1968 706 2007 adversa
732 1972 817 2007 acie
845 1972 1098 2007 constiterat:
1129 1968 1292 2020 denique
1305 1999 1316 2016 ,
1347 1970 1432 2020 ipso
1463 1968 1660 2017 Martyris

214 2025 374 2061 numine
412 2039 453 2061 se
493 2024 745 2075 declarante,
787 2041 935 2063 manus
979 2026 1156 2063 barbara
1196 2039 1237 2062 eo
1277 2027 1363 2075 ipso
1401 2023 1465 2060 dte
1497 2024 1659 2074 repulsa

216 2086 295 2127 est,
334 2083 550 2131 revertique
581 2081 685 2119 unde
713 2084 958 2130 intraverat,
999 2089 1149 2119 coacta.
1211 2082 1262 2118 Et
1288 2094 1392 2132 quae
1419 2086 1515 2116 tunc
1542 2079 1660 2117 obve-

215 2142 331 2172 nerat
365 2137 585 2186 improvisa
618 2145 739 2189 atque
781 2146 898 2176 atrox
932 2139 1115 2187 invasio,
1151 2138 1195 2174 in
1215 2136 1324 2174 lzunc
1351 2133 1514 2173 modum
1528 2135 1659 2186 finem

216 2192 332 2242 cepit.

329 2246 383 2283 De
404 2246 551 2284 ciborio
582 2248 664 2286 sive
681 2249 910 2287 umbraculo
930 2249 1063 2287 altaris
1083 2247 1199 2285 altius
1219 2247 1362 2288 educto
1381 2246 1665 2298 columnisque.

214 2307 386 2354 quatuor
411 2301 549 2340 innixo
581 2305 732 2354 copiosi
761 2312 852 2343 sunt
874 2305 1094 2355 Ducangius
1117 2304 1289 2343 Glossar.
1321 2304 1350 2342 Ι.
1371 2304 1466 2346 653.
1492 2304 1535 2341 Ι).
1555 2303 1666 2340 Con-

67 2366 107 2400 P.
129 2365 199 2402 263
219 2358 435 2410 stantiuop.
460 2357 601 2396 Christ.
630 2361 694 2401 50.
717 2360 762 2398 A.
784 2382 841 2389 —
862 2361 931 2403 55.
956 2360 1002 2398 A.
1027 2359 1217 2409 Descript.
1246 2361 1284 2399 S.
1305 2358 1473 2411 Sophiae
1490 2361 1585 2401 573.
1609 2359 1655 2396 D.

218 2421 257 2453 et
272 2414 451 2452 Reiskius
470 2415 686 2453 comment.
708 2416 758 2453 ad
778 2417 910 2454 Const.
937 2415 1366 2467 Porphyr.Cae1imon.
1393 2414 1657 2464 auJ.Byz.1L

216 2470 283 2513 64.
309 2470 356 2508 Δ.
387 2473 454 2512 78.
478 2471 523 2510 Β.
581 2471 636 2508 De
652 2472 800 2529 templo
825 2471 1068 2509 nobilissimo
1091 2470 1428 2509 Thessalonicensi
1458 2471 1499 2509 S.
1522 2471 1657 2507 Deme·
1722 2504 1724 2506 ,

214 2526 286 2564 trii
303 2526 463 2577 collegit
487 2527 576 2565 loca
600 2520 712 2564 idem
725 2527 946 2576 Ducangius
980 2527 1031 2564 ad
1052 2527 1152 2565 Anu.
1184 2527 1320 2565 Comn.
1345 2526 1441 2569 252.
1469 2525 1514 2564 D.
1545 2525 1657 2563 Tem-

215 2595 294 2633 pus
319 2588 471 2631 autem,
502 2596 579 2634 quo
609 2582 785 2621 sclavini
811 2556 1127 2621 Thbessalonicam
1157 2582 1214 2620 sic
1241 2585 1516 2629 tentaverunt,
1551 2580 1664 2620 inci-.

217 2638 310 2675 dere
337 2638 530 2677 videtur
518 2652 560 2676 in
587 2652 620 2676 a.
649 2639 751 2681 584:
779 2638 872 2676 vide
901 2639 933 2678 J.
963 2637 1055 2676 Chr.
1083 2652 1164 2676 von
1190 2638 1313 2688 Engel
1336 2635 1565 2676 Gesclziclzte
1588 2635 1659 2673 des

224 2694 471 2744 Ungrisclzen
493 2694 640 2733 Reiclzs
660 2693 747 2732 und
770 2696 894 2731 seiner
914 2693 1189 2733 N'ebenlc'inder
1213 2694 1246 2733 I.
1267 2694 1361 2736 259.
1381 2693 1427 2730 B.
1446 2692 1658 2742 Paucisque

216 2749 329 2788 annis
343 2756 456 2802 post,
484 2756 530 2790 ut
554 2750 690 2804 prodit
715 2750 887 2805 scriptor
913 2750 1019 2791 unde
1045 2750 1142 2790 haec
1175 2749 1411 2799 delibamus,
1439 2747 1658 2787 Avarorum
