1748 3094
285 189 385 239 450
737 197 785 239 C.
812 198 860 240 B.
893 195 1047 239 HASII
1074 195 1274 240 NOTAE

133 309 173 342 P.
197 310 262 346 221
398 302 502 353 Pag.
531 302 596 344 80.
626 301 696 339 lin
728 300 795 344 15.
825 297 1190 353 ἦγεμονευσάντων]
1218 299 1297 340 Hie
1326 301 1392 341 vel
1418 299 1527 340 deest
1554 301 1733 351 verbum,

283 363 330 396 ut
346 356 391 394 in
409 357 548 396 notula
575 357 625 395 ad
647 367 755 395 oram
777 357 1000 408 suspicatus
1024 370 1131 406 sum,
1159 357 1226 395 vel
1243 357 1492 396 referendum
1513 356 1655 398 estana}
1678 356 1736 405 ως

282 409 356 454 οὐκ
371 409 476 468 αλλω
493 413 543 451 ad
561 411 659 453 κατὰ
677 413 776 464 ῥοῦν
793 409 899 452 αὐτῶ
908 441 920 463 ,
948 419 996 451 ut
1013 413 1191 464 expressi
1207 413 1251 452 in
1269 413 1462 454 versione.

396 454 500 509 Ιὸῖιί.
530 469 602 509 lin
635 471 696 511 18.
724 468 792 508 καὶ
823 485 878 520 μη
910 469 1126 521 περαιτέρω
1154 471 1319 524 φυσῷεν
1349 471 1423 510 τοῦ
1439 463 1733 538 προσήκοντος]

285 525 475 563 Similiter
505 523 791 576 Chalcondylas
819 525 876 563 De
904 525 1020 562 rebus
1047 525 1169 565 Ture.
1189 526 1256 568 84.
1277 521 1523 566 Δεῖωθετό
1544 527 1656 564 θεῖον
1683 538 1732 563 τα

283 577 393 622 πάνυ
414 580 510 634 μέγα
528 582 755 634 φρονοῦντα
765 579 832 621 καὶ
850 579 1110 632 πεφυσημένα
1122 583 1264 633 μειοῦν
1275 596 1338 630 ως
1351 578 1403 621 τοὶ
1411 577 1540 659 πολλοὶ
1559 579 1627 621 καὶ
1649 591 1734 631 σμι-

283 652 308 677 κ
334 634 460 677 ν’νειν
1528 655 1534 660 ·

310 653 331 690 Q
395 695 499 743 Pag
526 693 593 733 81
628 691 699 729 lin
728 695 768 734 2.
795 689 939 746 τρεπτοῖ
973 690 1042 732 καὶ
1077 692 1361 746 παλίντροπα.
1393 707 1480 732 .τα
1502 652 1732 745 πραγματα]

288 748 400 786 conf
428 746 612 798 Agathias
643 750 734 789 109.
758 747 806 786 A.

397 802 499 842 [bid.
529 804 599 841 lin
630 804 694 845 14.
724 820 750 854 η
769 806 842 855 τῆς
870 799 1040 856 μεγαλης
1064 798 1312 856 Ἀντιοχείας
1327 800 1490 856 αλωσις]
1517 801 1732 842 Antiochia

285 865 399 912 capta
424 866 482 898 est
515 855 692 913 (opinor)
723 859 837 896 initio
859 859 952 897 anni
972 862 1066 902 969.
1104 859 1309 898 Rationem
1330 866 1550 911 temporum
1567 860 1732 898 fortasse

283 916 461 955 turbavit
483 915 681 952 cedrenus
703 914 753 954 Π.
773 916 867 956 657.
887 915 936 953 A.
959 915 1028 965 qui
1045 915 1263 955 attribuere
1277 915 1488 956 videtura.
1508 918 1603 959 967.
1631 914 1731 953 Vide

283 985 410 1034 supra·
429 971 583 1014 214.1)
587 970 712 1012 ..215
731 971 775 1009 A.
818 971 927 1017 Quae
944 971 1037 1008 inde
1053 978 1268 1011 narrantur
1289 984 1414 1023 usque
1429 971 1480 1010 ad
1497 971 1617 1010 finem
1638 970 1731 1009 libri

285 1026 424 1078 quinti,
455 1026 844 1078 comprehenduntur
863 1027 1000 1065 eodem
1022 1040 1125 1065 anno
1145 1031 1241 1070 969.
1738 1045 1742 1048 >

397 1081 501 1120 Ibid·
534 1083 606 1119 lin·
637 1085 702 1124 18
733 1079 879 1123 σπάνιν
910 1086 991 1122 τῶν
1027 1079 1281 1151 ἀναγκαίων]
1310 1082 1485 1121 Emenda
1513 1081 1731 1120 cedrenum

172 1189 175 1193 ἡ
285 1138 331 1175 ΙΙ.
346 1138 440 1180 656.
451 1138 496 1176 A.
509 1135 811 1178 ἐπιλελοιπότων
823 1137 865 1178 δὲ
874 1138 940 1178 καὶ
954 1141 1034 1178 τῶν
1048 1135 1290 1190 Ἀντιοχέων·
1309 1133 1730 1190 scribequevmvnivay-

245 1194 434 1244 Βκαίων,
468 1200 514 1231 ut
540 1195 618 1231 iam
644 1194 865 1232 coniecerat
891 1196 958 1245 Xy
958 1194 1108 1235 lauder.
1169 1195 1308 1246 Neque
1324 1194 1440 1233 aliter
1459 1193 1632 1262 Scylitza
1650 1193 1729 1232 Hi·-

284 1250 404 1289 storia
427 1263 499 1288 ms.
528 1250 691 1299 Legitui
711 1250 807 1287 alibi
826 1263 983 1301 quoque
1009 1251 1116 1302 apud
1141 1256 1323 1291 nostrum
1347 1246 1489 1298 σπάνις
1502 1264 1584 1290 των
1600 1245 1728 1302 ἄναγε·

282 1307 407 1346 καίων
425 1307 492 1347 39.
511 1306 551 1343 C.
572 1312 610 1343 et
632 1309 725 1348 106.
742 1306 786 1343 B.
807 1319 858 1344 ex
875 1306 1040 1356 Agathia
1060 1309 1154 1348 131.
1174 1307 1217 1347 D.
1234 1307 1332 1349 158.
1353 1307 1399 1346 D.

393 1360 495 1402 Ibid.
525 1362 596 1398 lin.
623 1364 687 1402 19.
715 1362 856 1426 τομίαν
871 1360 954 1411 μὲν
969 1359 1080 1412 ὅντα]
1111 1362 1318 1400 Cedrenus
1325 1362 1379 1402 II.
1393 1361 1487 1403 656-
1508 1360 1550 1398 C-
1571 1358 1725 1413 Πέτρον

282 1415 353 1457 ἕνα
369 1419 448 1456 τῶν
470 1416 613 1457 ἑαυτοῦ
636 1413 838 1468 εὐνούχων
857 1419 1002 1457 δοῦλον
1019 1432 1261 1470 υπαρχοντα.
1316 1417 1396 1455 Ubi
1423 1418 1572 1456 δοῦλον
1588 1425 1633 1454 ut
1650 1428 1726 1454 an-

282 1473 495 1511 tecedentis
520 1473 629 1510 vocis
657 1472 825 1522 glossam
854 1473 1084 1511 eiiciendam
1114 1473 1305 1513 arbitror:
1333 1478 1440 1511 certe
1467 1485 1552 1514 non
1580 1472 1726 1523 legitur

282 1529 327 1566 in
351 1529 521 1579 Scylitza
540 1542 613 1566 ms.

383 1587 479 1635 Pag.
510 1586 575 1627 82.
605 1584 677 1622 lin.
711 1586 775 1624 16.
805 1579 870 1622 din?
894 1585 975 1622 τῶν
1001 1586 1139 1623 πυλῶν
1157 1564 1375 1634 εἰσελάσας]
1404 1583 1584 1631 Quarum
1602 1596 1724 1636 repa-

282 1640 374 1688 gula
411 1654 432 1677 a
464 1640 611 1677 Burtza
635 1652 726 1677 ense
753 1638 919 1677 dissecta
938 1651 1019 1676 esse
1039 1639 1235 1677 Cedrenus
1253 1646 1393 1682 auctor
1411 1639 1533 1679 estII.
1550 1640 1652 1682 657·
1676 1640 1723 1679 D.

280 1696 339 1733 lbi
374 1695 446 1733 lin.
478 1699 516 1738 9.
542 1709 616 1746 pro
646 1691 769 1745 πόλην
802 1695 889 1745 quis
922 1708 1005 1732 non
1021 1695 1131 1735 videt
1150 1696 1357 1746 legendum
1374 1691 1541 1746 πυλην,
1560 1695 1728 1736 acutia.

280 1751 455 1789 Schowii
483 1752 574 1789 edit.
594 1750 794 1788 Lamentii
815 1750 933 1800 Lydi
936 1750 991 1788 De
1012 1751 1207 1791 mensibus
1229 1751 1414 1794 124.1m.
1435 1754 1509 1793 19:
1535 1750 1633 1790 item
1650 1750 1722 1790 lin.

279 1807 355 1845 ult.
385 1807 559 1846 eiusdem
588 1820 676 1859 pag.
695 1806 982 1845 restituendum
1002 1806 1045 1847 ἐν
1069 1807 1243 1857 αιτίαις,
1262 1813 1310 1845 et
1320 1807 1414 1850 658.
1431 1807 1480 1846 A.
1496 1806 1567 1846 lin.
1588 1810 1629 1849 2.
1647 1820 1722 1848 wu-

305 1862 346 1903 έσ
372 1863 439 1903 εν.ρ

278 1879 301 1915 ρ
347 1878 368 1915 χ
388 1921 495 1970 Pag·
524 1920 593 1961 83.
623 1918 695 1955 lin·
726 1921 790 1960 10
819 1914 880 1958 ἐπ’
895 1915 1070 1968 ἐδάφους
1081 1889 1411 1971 ὖποστρωννύων]
1439 1890 1721 1957 Haecinsslos-

279 1973 424 2012 salium
451 1975 589 2012 retulit
616 1973 836 2024 Ducangius
864 1974 899 2013 I.
933 1978 1027 2017 867.
1064 1970 1721 2024 C.subv.Moev315a3‚usquead

277 2029 409 2078 verba,
439 2029 565 2070 αὖτου
582 2027 625 2070 τὸ
640 2041 859 2081 σωματιον·
887 2044 961 2081 pro
980 2030 1121 2081 quibus
1142 2031 1211 2068 ille
1230 2030 1351 2079 dedit,
1370 2044 1422 2069 το
1440 2032 1552 2081 σῶμα
1571 2026 1717 2070 αὐτοῦ·

277 2097 352 2122 nec
376 2085 526 2135 reliqua
547 2085 698 2135 singula
725 2085 1019 2136 diligentissime
1036 2085 1254 2137 descripsit.
1308 2085 1531 2135 cognomen
1546 2084 1719 2124 Midiae.-

241 2139 341 2188 elis,
359 2140 563 2188 Maleinus,
593 2141 636 2177 in
652 2141 821 2179 Famih'is
839 2142 1066 2192 Byzantinis
1086 2142 1179 2184 149.
1198 2142 1239 2178 C.
1249 2154 1337 2189 non
1354 2147 1544 2179 memorat
1559 2142 1716 2179 Ducan-

276 2195 384 2246 gius·
414 2196 509 2233 alias
540 2193 730 2244 ὀξυτόνως
752 2197 941 2235 scribitur
972 2193 1194 2243 Μαλεϊνός·
1221 2197 1315 2234 vide
1333 2203 1467 2234 notam
1485 2196 1534 2235 nd
1559 2199 1649 2239 118.
1666 2196 1714 2236 D.

278 2249 561 2303 Κοκκοβαφης,
590 2258 743 2301 praeter
761 2253 894 2290 locum
921 2266 1034 2304 quem
1058 2253 1102 2290 in
1128 2266 1196 2290 ora
1213 2251 1351 2300 attuli,
1379 2252 1525 2302 legitur
1557 2265 1716 2303 quoque
1746 2278 1748 2282 ι

275 2306 341 2349 74.
371 2307 418 2347 D.
439 2308 545 2358 apud
571 2307 810 2348 constantin.
832 2309 1191 2360 Porphyrogennet.
1212 2308 1305 2350 135.
1324 2308 1365 2347 C.
1382 2314 1424 2346 et
1443 2307 1551 2383 apud
1566 2308 1715 2389 Cedro·

273 2375 371 2400 num
396 2362 443 2400 II.
463 2366 557 2405 662.
582 2362 623 2401 C.
642 2363 783 2401 Hausit
801 2365 878 2402 Leo
906 2378 959 2402 ex
973 2363 1135 2414 Agathia
1154 2367 1220 2406 90.
1236 2364 1281 2403 Β.
1421 2396 1423 2399 .
1549 2398 1555 2403 .
1744 2364 1748 2404 s

385 2417 488 2457 Ibid.
517 2418 587 2456 lin.
621 2422 683 2459 16.
706 2435 776 2459 τον
796 2421 980 2472 Καίσαρα
993 2416 1165 2470 Βαρὸαν,
1195 2415 1293 2459 τὸν.
1309 2415 1586 2470 .Μκηφόρου
1594 2416 1711 2458 κατέ·
1746 2448 1748 2469 3

273 2473 339 2526 ρα]
368 2473 444 2512 Hic
469 2480 527 2512 est
559 2473 626 2510 ille
653 2487 796 2524 senex,
825 2483 947 2513 natus
977 2483 1134 2512 eentum
1152 2476 1461 2526 quinquaginta
1468 2475 1590 2512 annis
1605 2473 1708 2524 [sic]
1739 2495 1748 2526 3

273 2543 443 2580 quocum
461 2529 723 2580 Luitpiandus
752 2531 840 2581 Leg.
868 2531 918 2569 ad
941 2531 1026 2572 Nic.
1056 2530 1176 2571 Phoc.
1198 2531 1290 2573 144.
1319 2531 1367 2569 D.
1387 2543 1429 2568 se
1452 2542 1635 2568 ooenuse
1654 2529 1748 2573 ait

270 2598 403 2624 mense
427 2585 602 2636 Augusto
623 2599 656 2624 a.
672 2588 765 2628 968.
1738 2594 1748 2600 ’”

382 2640 482 2680 Ibid.
512 2643 584 2680 lin.
615 2644 680 2683 20.
717 2639 842 2681 πολλα
875 2638 1039 2695 τρόπαια
1067 2640 1135 2682 καὶ
1151 2641 1346 2689 νίκας..
1374 2635 1748 2694 αναδησαμενον]

267 2695 410 2734 Forma
399 2697 664 2792 gictionis
653 2709 703 2735 ex
724 2697 909 2747 Agathia,
939 2698 1004 2735 cui
1024 2698 1208 2750 frequens
1227 2703 1308 2736 est.
1336 2696 1463 2735 veluti
1480 2699 1551 2739 27.
1570 2696 1618 2738 A.
1636 2700 1704 2739 60.

375 2811 482 2860 Pag-
513 2809 579 2852 84
608 2808 677 2848 lin.
702 2812 769 2851 12.
790 2808 1149 2861 παρεξηυλημένον]
1173 2808 1264 2848 Vim
1283 2807 1397 2848 vocis
1416 2806 1591 2859 explicat·
1601 2806 1705 2845 Illu-
1740 2811 1748 2840 ³

1741 2879 1748 2911 ὲ
