1748 3094
291 156 389 204 434
619 191 622 194 ι
741 162 794 204 C.
820 163 866 204 B.
896 158 1048 204 HASH
1075 159 1276 204 NOTAE

293 268 545 319 τεπωνυμιαν
555 270 620 311 89.
640 267 683 306 C.
707 265 832 319 (quod
843 264 1079 304 vocabulum
1097 278 1180 303 non
1177 261 1525 315 estinlaexieis):
1554 258 1600 304 τό
1618 258 1738 317 πρόσω

375 342 399 365 α
418 326 484 367 56.
505 326 551 366 Β.

294 341 373 378 ρημ
403 383 510 432 Pag.
541 382 609 423 50.
640 380 711 417 lin.
742 381 778 419 1.
805 376 1146 430 ι’ἰὶ’“π;εψιθυριζ.ετο]
1175 376 1294 429 Apud
1317 375 1480 416 Cedren.
1503 374 1555 414 Π.
1577 374 1672 417 649.
1691 374 1738 412 Β·

294 436 481 489 διεδέχετο
503 435 545 476 δὲ
566 435 632 475 καὶ
653 433 764 487 λόγος
790 433 1038 485 ἁπανταχοῦ·
1067 447 1207 472 vereor
1226 439 1275 472 ut
1291 439 1432 473 recte.
1466 431 1639 482 Scy-litza
1665 443 1736 470 ms.

295 491 356 548 (in
390 493 512 531 Codd.
534 498 637 530 certe
658 505 758 542 quos
774 488 897 543 vidi):
926 490 992 529 καὶ
1013 486 1128 542 λόγος
1151 487 1194 529 δὲ
1214 489 1357 541 ἐφοίτα
1372 489 1418 535 [f.
1438 486 1634 538 διεφοίτα]
1665 484 1737 525 dm.

291 563 377 588 non
408 548 599 589 διεδέτοτο
627 547 757 598 [sic],
789 546 893 597 quod
923 545 1112 583 affertur
1101 559 1144 583 m
1169 559 1238 584 ora
1260 544 1444 584 editionis
1463 542 1738 582 codsenianae.

292 606 412 644 Paulo
430 604 595 642 inferius
615 604 722 655 apud
740 604 901 642 Cedren.
928 602 1022 644 649.
1046 602 1091 640 D.
1107 602 1179 640 lin.
1198 606 1236 645 9.
1257 615 1332 654 pro
1353 601 1595 654 ἒνορκουντα
1614 597 1737 638 Codd.

291 661 379 703 ἔπιο
407 664 566 701 ιοῦντα.

252 719 283 752 C
383 677 512 755 leid.
541 717 614 753 lin.
645 718 711 757 12.
742 709 1045 764 κατεδυσώπησε
1071 728 1142 753 τον
1169 709 1360 766 ἀρχιερέα]
1392 710 1624 751 Praesertim
1645 679 1740 762 Sty-

294 773 401 811 liano
427 774 605 820 iurante,
634 771 791 808 nullum
816 783 864 807 ex
897 768 1217 820 Theophanonis
1233 769 1364 808 liberis
1390 783 1412 806 a
1439 767 1661 819 Nicephoro
1690 766 1740 803 de

293 829 487 880 baptismo
515 841 595 866 esse
618 833 867 878 susceptum,
898 832 941 863 ut
956 827 1131 864 referunt
1149 825 1343 864 Cedrenus
1365 831 1404 864 et
1427 825 1583 876 Glycas.
1621 821 1740 874 Apud

294 899 410 936 quem
422 888 526 953 306.
553 885 596 921 B.
617 889 707 934 post
732 880 799 924 τὸν
816 879 1037 922 Στυλιανόν
1069 881 1192 920 Codd.
1224 870 1389 931 addunt,
1417 879 1520 934 νπὲρ
1538 881 1612 920 τοῦ
1628 880 1739 931 βασι-

293 941 390 989 λέως
414 937 622 992 ὀμνύοντα.

406 1006 507 1046 Ibid.
534 1008 604 1046 lin.
639 1009 704 1049 18
736 1002 863 1052 Αὐτὸς
893 1002 936 1045 δὲ
968 1001 1077 1056 παρα
1109 1019 1184 1056 την
1212 997 1632 1045 Κωνσταντινουπολιν
1657 1001 1747 1040 δια-·

287 1059 499 1116 χειμάζων]
533 1063 749 1100 Victoriam
776 1063 912 1099 Ioann.
943 1061 1155 1098 Tzimiscae
1178 1074 1200 1096 a
1218 1060 1393 1103 Cedreno
1419 1059 1469 1099 II.
1493 1058 1589 1100 654-
1606 1058 1651 1098 Β.
1670 1057 1739 1095 (ιε’-

293 1120 483 1157 lebratam
512 1119 555 1156 in
585 1119 678 1156 anni
697 1121 792 1161 963.
821 1123 1029 1163 autumno,
1059 1116 1163 1153 hanc
1180 1115 1348 1154 hiemem
1370 1113 1638 1168 p1aecedenti‚
1668 1125 1738 1150 ac-

295 1176 437 1213 cidisse
461 1175 697 1213 credendum
723 1173 792 1212 est.
850 1173 967 1220 Quo
956 1186 999 1210 m
1014 1173 1103 1210 loco
1125 1172 1290 1210 Cedieni
1309 1178 1402 1224 post
1418 1171 1548 1219 verba,
1578 1169 1636 1216 εἷς
1649 1174 1739 1208 τινα

294 1229 419 1281 λόφον
448 1228 643 1282 δυσβατον
671 1230 738 1270 καὶ
758 1225 1013 1298 απόκρυμνον
1040 1224 1396 1296 [1.απόκρτζμν.],
1425 1225 1534 1275 πεζοὶ
1550 1240 1646 1272 τους
1666 1224 1738 1265 ιπ-

295 1303 396 1334 πους
425 1287 475 1339 [f.
505 1290 580 1326 τοῦ
607 1285 758 1336 ἵππου]
788 1281 1029 1337 αποβαντες,
1059 1283 1128 1324 καὶ
1149 1286 1200 1338 τῇ
1218 1287 1290 1324 τοῦ
1306 1279 1432 1324 τόπου
1449 1277 1737 1335 θαῤῥήσαντες,

294 1344 421 1381 insere
446 1357 494 1380 ex
519 1343 754 1381 auctoritate
772 1342 895 1380 Codd.
916 1353 1055 1379 vocem
1075 1335 1273 1394 ευκαιρία,
1303 1352 1421 1391 quam
1438 1338 1596 1388 vulgata
1619 1336 1738 1376 habet

292 1400 337 1436 in
359 1400 544 1449 margine,
572 1412 747 1450 quaeque
768 1398 927 1435 omnino
948 1396 1081 1434 abesse
1099 1395 1249 1446 nequit.

404 1468 510 1517 Pag.
539 1466 604 1508 51.
635 1466 707 1505 lin
739 1468 777 1506 6.
807 1464 968 1501 Initium
985 1462 1194 1514 capitisX.
1214 1460 1465 1500 combefisius
1478 1459 1611 1507 vertit,
1643 1459 1737 1512 Pagi

406 1575 509 1616 Ibid.
523 1576 607 1614 ead.
628 1577 698 1614 lin.
716 1571 824 1615 Ἐπεὶ
835 1573 878 1614 δὲ
889 1572 1042 1627 τήύτοῧ
1053 1588 1244 1625 χειμωνος
1256 1569 1477 1625 κατήφειαν
1489 1571 1736 1625 ἔαριναιτρο·

291 1633 379 1685 παὶ]
400 1635 547 1685 Nempe
559 1633 772 1671 solstitium
790 1631 979 1669 aestivum
1001 1630 1094 1667 anni
1110 1629 1204 1678 964,
1224 1643 1246 1666 a
1264 1643 1343 1680 quo
1365 1643 1444 1667 non
1460 1629 1632 1667 multum
1652 1629 1736 1667 dis-

291 1691 411 1728 sentit
429 1691 626 1727 Cedrenus
644 1689 694 1727 11.
717 1687 810 1729 654
827 1688 873 1727 B.
885 1687 1068 1734 scribens,
1090 1698 1222 1723 mense
1237 1685 1337 1723 Iulio
1347 1685 1613 1738 Nicephorum
1629 1684 1736 1723 hanc

291 1746 580 1798 expeditionem
615 1743 843 1794 suscepisse.
898 1743 1018 1795 Apud
1047 1716 1381 1794 Abulpharajium
1399 1741 1572 1780 Historia
1606 1741 1736 1793 dyna-

290 1803 397 1841 stiar.
432 1816 470 1853 p.
503 1803 598 1843 313.
634 1815 675 1838 ea
705 1801 835 1838 omnia
855 1800 904 1838 ad
926 1814 959 1837 a.
978 1798 1144 1849 Hegirae
1167 1797 1372 1846 351,1100
1392 1805 1450 1835 est
1467 1796 1616 1836 Christi
1639 1801 1735 1847 962,

256 1857 538 1897 Dieseruntui
575 1870 801 1909 pelliciam,
838 1856 1002 1908 opinor.
1038 1866 1170 1892 errore
1208 1855 1274 1892 vel
1308 1854 1478 1894 auctoris
1504 1853 1577 1894 vel
1606 1852 1736 1892 libra-

285 1928 369 1952 1ῚΟΙ
373 1929 448 1954 um.

400 1969 502 2007 [bid.
532 1969 603 2008 lin.
635 1971 701 2011 13.
734 1964 933 2009 κυκλόθεν
964 1962 1191 2018 διειληφώς]
1222 1960 1509 2018 Διαλαμβανω,
1536 1964 1602 2003 vel
1629 1970 1734 2003 certe

285 2026 504 2075 peifectum
534 2025 740 2076 διείληφα,
769 2024 874 2076 apud
906 2025 1074 2062 Leonem
1095 2022 1201 2059 valet
1220 2023 1349 2059 cinxi:
1379 2021 1435 2059 sic
1455 2034 1575 2072 supra
1598 2016 1666 2063 13
1682 2021 1732 2077 A.

286 2086 325 2117 et
357 2081 520 2118 f01tasse
551 2082 652 2119 infra
680 2085 745 2123 36.
778 2081 825 2118 D.
875 2080 981 2127 Quin
1009 2079 1085 2116 hac
1113 2078 1197 2128 ipsa
1222 2079 1404 2173 paginaA
1381 2076 1451 2115 lin.
1474 2078 1538 2118 18.
1558 2072 1730 2129 passive,

286 2133 484 2176 κυκλόθεν
504 2138 713 2188 διείληπτο.
770 2136 919 2174 Eodem
940 2148 1055 2173 sensu
1079 2132 1258 2180 διέζωσεν
1273 2132 1392 2175 37.Α

397 2202 502 2241 Ιύἱτί.
534 2205 577 2239 li.
579 2219 606 2242 ι.
638 2207 703 2246 21.
734 2200 989 2254 πολυχεύμων
1017 2217 1097 2249 τις,
1126 2196 1283 2253 ψυχρός
1307 2214 1348 2240 τε
1368 2199 1436 2240 καὶ
1456 2195 1606 2265 διειὸης
1625 2213 1732 2251 περι-

285 2255 415 2310 ναων]
445 2259 575 2309 Neque
600 2256 858 2310 πολυχεύμων
885 2265 944 2296 est
971 2259 1014 2295 in
1035 2256 1200 2305 Lexicis‚
1230 2269 1362 2307 neque
1360 2270 1568 2324 περιναω.
1624 2253 1732 2292 Illud

285 2314 487 2353 invenitur
515 2315 620 2365 apud
641 2316 678 2353 S.
699 2316 885 2352 Basilium
906 2315 1029 2365 Epist.
1051 2326 1138 2351 cix.
1158 2311 1203 2352 II.
1222 2311 1315 2354 946.
1346 2328 1377 2352 ω
1396 2314 1526 2364 πηγῆς
1542 2305 1731 2363 πολυχευ-

287 2385 409 2422 μονος
428 2371 523 2421 (quo
542 2370 676 2407 eodem
697 2384 812 2408 sensu
833 2372 870 2408 S.
887 2370 1058 2408 Iustinus
1075 2368 1226 2419 Martyr
1244 2367 1405 2418 Dialogo
1428 2381 1516 2405 cum
1525 2366 1728 2419 Tryphon.

283 2429 379 2469 329.
399 2426 440 2465 C.
453 2422 680 2477 πολυυδρου
699 2426 765 2465 καὶ
785 2427 943 2478 ἰσχυροῖς
965 2425 1133 2478 πηγης);
1160 2438 1234 2476 pro
1254 2423 1334 2462 hoc
1347 2423 1530 2462 usitatius
1546 2420 1727 2476 περινὲω,

283 2483 390 2533 quod
405 2481 551 2520 habent
571 2481 725 2519 Lexica.

392 2540 497 2590 Pag-
508 2538 585 2581 ..52
598 2538 669 2577 lin.
693 2541 761 2580 21.
786 2538 838 2576 Οἱ
857 2535 899 2576 δὲ
918 2531 1146 2589 ανώρυττόν
1163 2535 1218 2587 τε]
1237 2535 1337 2573 Vide
1354 2547 1428 2586 sup
1429 2547 1475 2573 ra
1496 2533 1560 2575 15.
1573 2532 1617 2571 Β.
1634 2546 1727 2571 nar-

278 2593 472 2632 lationem
486 2594 534 2632 (le
552 2593 841 2645 expugnatione
863 2593 1049 2630 candiae:
1078 2592 1172 2629 item
1183 2591 1466 2642 Acath1am21.
1477 2589 1523 2628 A.
1534 2594 1575 2628 et
1591 2591 1658 2631 78.
1674 2587 1724 2629 A.

387 2664 494 2713 Pag.
510 2662 575 2704 53.
595 2661 667 2698 lin.
681 2663 723 2702 3
745 2662 817 2711 τῆς
830 2658 999 2722 ήλιακῇς
1011 2655 1169 2722 ακτῖνος
1180 2656 1256 2710 τήν
1271 2652 1725 2725 περίγειονῦπαυγαζουο

275 2716 361 2767 σης]
381 2717 667 2768 Etymologiani
686 2722 844 2754 secutus
864 2715 967 2754 verti
982 2717 1275 2764 σιῖνειιιημσιιιηι
1293 2727 1454 2766 agrum,
1467 2710 1542 2764 τὴν
1562 2714 1727 2773 περίχω-

273 2786 357 2824 ρον,
370 2776 434 2815 36.
442 2772 491 2812 A.
499 2786 720 2825 quanquam
730 2772 839 2824 apud
850 2772 1066 2823 sciiptores
1079 2771 1317 2809 Christianos
1330 2769 1661 2820 Hellenistasque
1652 2782 1724 2808 πε-
