1768 3034
288 116 382 164 136
777 121 978 166 LEONIS
1004 120 1241 164 DIACONI

73 235 112 268 A.
129 235 172 268 M.
190 233 359 273 648ονου
388 232 445 272 τῶ
474 225 637 284 δόρατι,
683 229 787 271 παίει
816 229 918 271 κατὰ
945 232 1017 270 τοῦ
1049 227 1253 277 τένοντος·
1299 225 1580 283 ἇπαραχθεῒσα
1611 227 1654 269 δὲ
1682 226 1708 281 ἥ

117 281 184 313 Ind.
199 282 242 315 15

286 296 438 353 κεφαλὴ
457 296 529 338 σὺν
547 301 597 352 τῇ
623 294 799 350 κόρυθι’
786 295 860 345 εξω
879 299 1015 349 τειχῶν
1034 295 1134 350 πρὸς
1153 294 1302 351 ἔδαφος
1320 295 1562 351 ἔσφαιρίζετο
1576 308 1585 316 ·
1611 292 1710 336 Ῥω-

286 371 399 418 μαῖοι
428 364 472 405 δὲ
492 368 549 420 τῷ
569 367 690 421 καινῷ
713 367 784 404 τοῦ
806 360 1011 418 δράματος
1039 360 1289 415 ἐπηλάλαξαν
1298 394 1312 414 ,
1360 363 1425 403 καὶ
1460 362 1596 415 συχνοὶ
1633 364 1706 402 τοῦ
1763 353 1768 398 i

286 429 456 486 πρώτως
475 429 715 478 ἀνελθόντος
733 428 885 483 τόλμαν
907 427 1172 483 ζηλώσαντες,
1211 428 1278 470 διὰ
1297 432 1377 470 τῶν
1397 426 1595 481 κλιμάκων
1616 426 1706 468 ἀνὲ-
1767 417 1768 427 ¹

285 503 397 540 θεον.
445 495 466 538 ὁ
486 498 528 538 δὲ
545 495 831 550 Μεσονύκτης,
869 496 949 538 ἐπεὶ
970 500 1040 537 τοῦ
1059 497 1211 550 τείχους
1229 496 1347 550 ἕπε’βη
1357 528 1370 547 ,
1409 496 1474 536 καὶ
1495 498 1567 548 τῆς
1586 492 1707 535 ἔπάλ-
1719 500 1742 535 5

286 567 383 614 ξεως
402 564 593 619 ἐγκρατὴς
623 563 834 618 ἐξεγένετο,
871 565 1079 612 πλείστους
1105 567 1187 604 τῶν
1219 561 1474 616 ἀμυνομένων
1496 559 1594 609 Ῥῶς
1623 562 1708 602 ἐπι-

284 630 518 687 στροφάὸην
543 629 728 684 πλήττων
757 635 838 672 τῶν
860 634 998 685 τειχῶν
1027 627 1315 685 κατεκρήμνιζε.
1372 633 1529 671 θᾶττον
1559 628 1603 669 δὲ
1637 643 1710 669 συ-

163 692 205 732 P·
224 695 269 731 84
286 702 394 751 χνῶν
420 696 641 751 ἑκασταχοῦ
673 701 755 739 τῶν
782 696 1002 752 περιβόλων
1021 696 1295 748 ἀνελθόντων,
1353 698 1418 737 καὶ
1438 696 1555 737 παντὶ
1578 694 1711 736 σθένει

285 764 381 812 τοὺς
410 765 613 813 ἐναντίους
639 763 1010 820 ἀποσφαττόντων,
1047 764 1120 812 τὰς
1152 762 1327 812 ἐπάλξεις
1353 760 1634 810 καταλιπόντες
1673 761 1711 802 οἳ

287 829 469 882 Σκύθαι,
516 832 556 879 ἐς
581 831 655 885 τὴν
681 832 882 884 βασίλειον
916 830 1042 884 αὐλὴν
1052 863 1065 882 ,
1112 832 1255 884 τειχίον
1287 830 1426 886 ἐχυρὸν
1458 828 1707 882 κεκτημένην,
1724 837 1768 871 10

289 898 330 939 ἓν
355 892 382 953 ᾗ
410 899 475 939 καὶ
506 896 526 938 ὅ
557 902 729 946 πλοῦτος
757 901 921 946 Μυσοῖς
951 897 1169 940 ἔναπὲκειτο
1182 930 1196 949 ,
1244 896 1392 945 ἀκλεῶς
1424 894 1709 948 συνώσθησαν,

286 966 434 1006 πυλίδα
463 965 560 1018 μιάν
579 965 825 1021 ηνεῳρμένην
849 962 1149 1020 παραλιπόντες.
1199 964 1240 1006 ἒν
1268 982 1300 1004 ω
1328 964 1372 1005 δὲ
1400 967 1528 1005 ταῦτα
1547 963 1706 1017 ἐδρᾶτο,

297 1029 362 1045 tv«

286 1049 313 1085 η
334 1038 410 1080 εξω
438 1035 575 1084 τειχῶν
603 1030 811 1087 ὁρμωμένη
849 1036 930 1073 τῶν
952 1030 1156 1085 ΗΡωμαιων
1187 1008 1370 1085 πληθυς,
1416 1047 1511 1078 τους
1539 1028 1711 1084 θαιρους

286 1102 368 1139 τῶν
386 1102 497 1139 πυ)
467 1116 522 1140 ων
539 1100 604 1139 καὶ
621 1098 795 1151 μοχλους
812 1097 1044 1151 ὃιακόψασα
1063 1100 1128 1139 καὶ
1148 1099 1424 1154 συντρίψασα,
1462 1096 1574 1138 ε’νδον
1593 1094 1711 1150 εισῄει

285 1169 360 1206 τοῦ
381 1164 543 1216 ἄστεος,
582 1163 796 1218 ἀμύθητον
815 1163 941 1220 φόνον
961 1163 1270 1220 αὗτουργήσασα
1291 1169 1372 1206 τῶν
1390 1167 1577 1206 Σκυθῶν.
1621 1161 1710 1203 τότε
1723 1167 1768 1204 15

287 1231 337 1285 δὴ
368 1233 432 1272 καὶ
454 1231 591 1286 Βορὴν
615 1236 896 1288 συλληφθῆναι
917 1232 1088 1287 λέγεται,
1127 1236 1207 1273 τῶν
1225 1235 1386 1273 ΖΠυσιῦν
1409 1231 1600 1284 βασιλέα,
1638 1229 1712 1270 σὺν

285 1300 438 1352 γυναικὶ
458 1299 523 1340 καὶ
543 1300 634 1340 δυσὶ
650 1301 814 1352 νηπίοις,
854 1298 959 1340 οὕτω
978 1305 1143 1354 πυρσοῖς
1162 1299 1234 1352 τὴν
1253 1298 1366 1353 γένυν
1384 1295 1708 1353 περιπυκάζοντα,

251 1366 354 1406 Βκαὶ
373 1370 655 1420 προσαχθῆναι
677 1370 732 1422 τῷ
761 1369 939 1419 βασιλεῖ·
976 1364 996 1406 ὃ
1024 1366 1091 1416 δὲ,
1129 1370 1271 1407 τοῦτον
1294 1363 1526 1417 δεξάμενος,
1565 1362 1631 1405 διὰ
1651 1380 1712 1404 τι-

285 1436 366 1485 μῆς
391 1427 459 1486 ἦγε
469 1464 482 1484 ,
531 1434 715 1487 κοίρανον
750 1430 994 1488 Βουλγάρων
1026 1432 1259 1483 ἀποκαλῶν,
1306 1430 1473 1487 φάσκων
1497 1448 1561 1484 τε,
1606 1428 1712 1483 ἣκειν

286 1501 451 1547 ΖΠυσοΐς
472 1498 731 1554 τιμωρήσων,
769 1499 878 1540 δεινὰ
898 1496 1119 1540 πεπονθόσι
1141 1498 1241 1554 πρὸς
1260 1503 1341 1540 τῶν
1358 1502 1544 1541 Σκυθῶν.
1722 1504 1768 1541 20

389 1585 436 1638 ζ’.
477 1585 664 1640 Ῥωμαῖοι
694 1588 757 1639 δὲ,
802 1586 909 1637 ἅπαξ
938 1588 1250 1641 ε’μπελασθέντες
1275 1590 1333 1644 τῷ
1362 1586 1494 1639 ἄστει,
1539 1583 1711 1642 ἓχῶρουν

289 1653 356 1695 διὰ
384 1658 465 1696 τῶν
500 1659 732 1706 στενωπῶν,
777 1654 872 1703 τοὺς
898 1655 971 1707 μὲν
999 1657 1200 1708 δυσμενεῖς
1227 1654 1542 1705 ἀποκτείνοντες,
1588 1654 1641 1695 τὰ
1669 1654 1713 1695 δὲ

283 1719 473 1776 χρήματα
495 1720 787 1777 διαρπάζοντες.
834 1726 1050 1776 τηνικαῦτα
1075 1724 1141 1763 καὶ
1162 1725 1211 1777 τῇ
1227 1722 1414 1779 βασιλείῳ
1435 1721 1537 1776 αὐλῇ
1565 1721 1709 1775 προσέ-

377 1839 409 1873 1.
441 1834 715 1882 ἄποιρὁχθεῖσα
737 1837 809 1871 cod.
873 1839 928 1873 17.
950 1836 1058 1874 οὕτω.
1081 1838 1141 1872 Sic
1159 1838 1232 1871 cod.
1265 1837 1359 1872 Fort.
1383 1835 1496 1873 οὔπω.
1555 1838 1611 1872 22.
1635 1847 1709 1872 στε-

375 1884 519 1917 νωπῶν.
543 1883 619 1917 Vid.
644 1894 746 1929 supra
767 1882 820 1918 15.
844 1883 886 1918 D.

287 1984 349 2026 put
380 1991 447 2015 una
480 1994 552 2015 cum
584 1982 713 2016 casside
739 1987 835 2016 extra
855 1994 965 2017 muros
989 1983 1023 2016 in
1048 1985 1170 2016 terram
1200 1983 1460 2026 provolveretur.
1515 1981 1591 2022 Qua
1622 1993 1708 2015 nova

286 2037 325 2060 re
345 2026 456 2059 oblata
473 2027 672 2060 succlamant
688 2028 847 2071 Romani,
870 2029 1033 2072 primique
1054 2027 1260 2061 ascendentis
1279 2027 1435 2060 xirtutem
1459 2027 1613 2060 aemulati
1637 2039 1708 2060 cre—

285 2071 340 2105 bri
355 2082 414 2115 per
441 2072 547 2104 scalas
577 2073 735 2105 nituntur.
783 2073 919 2106 Interim
934 2073 1172 2117 Mesonycte-s'
1162 2084 1198 2105 ιιι
1218 2083 1342 2104 murum
1365 2083 1557 2114 elnergenS,
1578 2071 1708 2115 fastigii

287 2127 422 2159 compos
438 2117 565 2156 factus,
589 2118 714 2150 Russos
732 2122 982 2162 propugnantes
1003 2118 1212 2161 quamplures
1231 2117 1480 2167 circumquaque
1497 2117 1708 2149 obtruncatos

287 2161 332 2194 de
353 2171 443 2193 muro
471 2161 717 2204 praecipitavit.
768 2163 822 2196 Ita
844 2174 916 2195 cum
931 2162 1023 2195 multi
1042 2162 1195 2195 celeriter
1210 2161 1355 2204 undique
1381 2160 1577 2193 munitiones
1592 2173 1708 2194 ascen-

288 2206 434 2246 dissent,
442 2206 611 2257 omnique
641 2207 676 2239 vi
693 2207 806 2240 hostes
829 2207 1059 2246 conciderent,
1085 2206 1232 2249 Scythae
1262 2205 1388 2238 relictis
1410 2206 1604 2238 moenibus
1594 2217 1628 2239 ιιι
1647 2217 1708 2239 au-

287 2250 353 2284 lam
378 2249 506 2292 regiam
538 2261 629 2282 muro
657 2251 750 2284 firmo
769 2252 1017 2291 circumdatam,
1042 2251 1099 2283 ubi
1117 2250 1262 2283 thesauri
1283 2251 1471 2283 Moesorum
1491 2251 1709 2284 asservaban-

288 2299 355 2335 tur,
369 2295 514 2338 turpiter
531 2299 608 2327 sunt
627 2296 794 2347 compulsi,
811 2296 942 2339 portula
951 2307 1017 2328 una
1035 2296 1081 2327 ibi
1097 2299 1213 2347 aperta
1228 2295 1354 2328 relicta.
1384 2295 1469 2328 Dum
1482 2295 1565 2328 haec
1586 2306 1707 2338 gerun-

288 2346 355 2381 tur,
371 2344 467 2373 extra
475 2350 590 2392 ‘muros
607 2339 804 2373 circumfusa
814 2341 1033 2374 Romanorum
1050 2340 1158 2384 copia,
1177 2340 1367 2372 cardinibus
1379 2339 1615 2383 repagulisque
1630 2350 1707 2382 por-

289 2389 396 2418 tarum
413 2383 534 2417 excisis
549 2395 588 2417 ac
605 2385 804 2428 perhactis,
828 2386 862 2418 in
881 2385 1035 2429 oppidum
1056 2396 1091 2416 se
1107 2384 1238 2426 intulit,
1262 2384 1493 2427 ingentemque
1511 2384 1706 2428 Scytharum

288 2433 436 2472 stragem
446 2428 538 2462 fecit
565 2428 691 2461 Eodem
707 2434 856 2472 tempore
874 2430 987 2462 Borim
998 2430 1182 2462 Moesorum
1199 2440 1323 2471 regem,
1340 2430 1415 2463 rufa
1433 2440 1472 2461 ac
1490 2429 1592 2461 densa
1602 2429 1707 2461 barba

288 2473 453 2517 insignem
464 2497 474 2514 ‚
503 2484 570 2506 una
598 2484 670 2506 cum
690 2485 792 2506 uxore
810 2474 1001 2517 duobusque
1018 2473 1198 2507 infantibus
1217 2474 1485 2516 comprehensum
1503 2472 1545 2505 ad
1561 2473 1707 2525 Impera-

290 2522 460 2562 toremque
484 2519 659 2551 adductum
683 2529 755 2550 esse
773 2518 883 2551 aiunt:
906 2529 999 2570 quem
1019 2518 1076 2551 ille
1094 2523 1263 2561 receptum
1278 2520 1402 2551 honore
1427 2517 1560 2557 habuit,
1584 2517 1707 2560 princi-

291 2573 429 2606 pemque
446 2563 665 2606 Bulgarorum
683 2563 873 2606 appellavit,
889 2562 1019 2596 venisse
1035 2574 1071 2596 se
1087 2567 1228 2597 testatus
1240 2563 1282 2596 ad
1297 2562 1505 2596 ulciscendas
1520 2563 1706 2596 Moesorum

289 2607 428 2640 iniurias
444 2619 465 2641 a
479 2607 615 2652 Scythis
637 2612 804 2652 acceptas.

380 2674 413 2707 7.
437 2672 597 2713 Romani,
626 2673 751 2706 semel
741 2685 777 2706 ιιι
795 2671 951 2717 oppidum
967 2672 1072 2712 illati,
1097 2684 1159 2716 per
1179 2672 1373 2718 angiportus
1389 2684 1427 2706 se
1443 2671 1641 2712 effuderunt,
1666 2672 1708 2705 ad

293 2716 429 2749 caedem
445 2718 586 2752 hostium
603 2718 828 2762 bonorumque
844 2717 1062 2762 direptionem
1078 2720 1240 2752 conversi.
1286 2718 1366 2751 inde
1385 2717 1511 2762 regiam
1532 2727 1708 2762 oppugna-
