1760 3034
390 185 449 230 ιΝ
475 170 803 228 Timonosn‘
819 180 1124 232 Aenosssss
1385 180 1481 232 531

40 289 239 342 respicere
265 290 315 327 ad
334 302 491 327 versum
525 291 600 338 13,
630 289 696 340 qui
719 289 763 327 in
783 289 924 328 Codice
943 290 989 329 in
1006 295 1087 328 tres
1115 289 1317 329 columnas
1338 304 1388 330 ex
1409 292 1487 331 tri-

39 346 119 384 bus
136 346 313 384 versibus
337 346 411 384 sibi
436 345 756 396 subsequentibus
781 345 992 384 ordinatim
1020 346 1257 398 compositas
1279 347 1484 399 distincto,

45 402 224 453 superior
249 407 377 439 exstat
403 401 601 439 versiculo
622 405 686 443 16.
715 402 847 449 Quum
874 402 979 440 enim
1002 402 1045 440 in
1072 415 1111 440 v.
1131 404 1199 444 13.
1227 402 1483 453 Theodosius,

45 470 253 508 suppresso
283 458 462 505 nomine,
501 457 706 495 obscurius
742 457 945 496 cuiusdam
967 458 1216 509 Imperatoris
1246 460 1483 498 mentionem

44 514 195 561 fecerit,
223 514 394 564 scriptor
411 513 564 550 Codicis
583 513 747 551 subiecit
774 513 799 553 ὅ
817 517 971 565 Καῖσαρ
988 512 1014 553 ὅ
1039 513 1169 565 μέγας,
1189 515 1370 565 Magnus
1387 517 1483 553 Cae.

43 583 126 618 sar,
154 570 369 619 Augustum
386 582 524 620 nempe
540 569 756 619 designans,
786 569 833 607 de
848 583 925 620 quo
941 582 1076 621 reapse
1087 569 1347 609 Theodosium
1363 572 1484 610 fuisse

42 625 86 662 in
107 639 151 662 eo
176 626 402 676 loquutum,
431 624 507 662 iam
529 637 647 674 supra
673 625 894 662 luculenter
916 625 1169 664 ostendimus.
1225 625 1369 678 [Supra
1389 641 1483 666 ver-

43 681 138 718 bum
170 682 375 732 Πομπίος,
403 681 642 731 Pompeius,
678 681 718 717 in
747 681 842 718 Cod.
880 681 1086 719 scribitur:
1120 677 1150 733 ἦ
1186 711 1197 721 .
1222 685 1482 738 ..Καῖσαρ

45 752 67 777 ο
94 736 224 788 μέγας.
278 735 475 787 Expende.
507 736 719 774 CORNEL.
751 736 944 774 Notabilis
973 737 1098 774 forma
1123 737 1295 776 nominis
1320 751 1393 789 pro
1424 752 1483 789 ea,

45 805 120 844 qua
139 792 207 829 alii
227 799 451 830 constanter
469 798 636 830 utuntur
650 789 879 843 Πομπήὶ”ος;
908 793 1136 843 praesertim
1160 806 1280 843 quum
1302 806 1385 831 non
1403 808 1482 846 ap-

42 854 199 900 pareat,
230 862 304 899 qua
322 840 370 886 de
390 861 507 885 causa
525 847 767 885 Theodosius
789 848 1055 886 immutaverit
1073 861 1216 886 nomen
1228 878 1239 897 ,
1269 850 1376 901 quod
1392 862 1488 888 ver-

44 904 106 941 sui
128 903 295 941 iambico
323 917 402 941 non
423 904 664 941 adversatur.
720 904 840 953 Magis
860 904 974 941 etiam
997 904 1267 954 memmabile,
1296 905 1437 955 quod'
1421 919 1486 944 lu-

43 956 104 998 fra
132 960 198 997 ΙΙΙ.
230 963 323 1010 209.
349 959 510 1009 legitur:
540 962 739 1011 Βροῦτος,
768 956 814 1006 ὃς
839 963 913 999 τοῦ
941 961 1129 1011 Πομπίου
1158 959 1286 1013 ἔβαψε
1309 976 1383 1012 την
1409 957 1486 1012 μᾶ-

43 1030 184 1066 χαιραν
210 1015 252 1054 ἐκ
275 1018 355 1054 τῶν
374 1012 560 1066 αἱμάτων.
619 1015 716 1062 Quis
744 1016 847 1052 enim
881 1015 1186 1064 existimaverit,
1222 1015 1486 1056 Theodosium

43 1071 232 1110 historiae
250 1077 332 1108 tam
353 1070 594 1121 ignorantem
623 1071 765 1119 fuisse,
796 1077 841 1108 ut
858 1071 1026 1109 Brutum
1046 1084 1183 1108 manus
1202 1072 1378 1124 Pompeii
1398 1086 1488 1110 san-

45 1128 160 1177 guine
182 1127 407 1177 inquinasse
426 1127 628 1164 erederet?
658 1127 787 1174 Quare
800 1127 1005 1164 Cornelias
1021 1127 1077 1164 ibi
1097 1141 1170 1178 pro
1187 1128 1376 1179 Πομπίου
1395 1142 1490 1167 cor-

43 1183 251 1233 rigendum
276 1184 499 1234 suspicatur
523 1183 745 1232 Καίσαροςε
775 1196 891 1233 quam
913 1182 1194 1220 correctionem
1214 1183 1489 1234 probabilitate

45 1239 273 1276 destitutam
286 1251 368 1276 esse
384 1235 491 1276 recte
505 1238 694 1276 iudicavit
715 1238 934 1288 Fogginius,
946 1238 1031 1289 ipse
1050 1238 1182 1275 locum
1201 1239 1386 1277 mutilum
1409 1253 1491 1278 esse

45 1294 285 1334 existimans.
343 1294 459 1340 Quod
486 1307 570 1331 non
599 1294 720 1344 magis
749 1294 951 1345 probabile
974 1299 1047 1335 est.
1104 1293 1250 1332 Verum
1282 1294 1325 1332 in
1354 1295 1489 1346 priore

44 1350 157 1398 loco,
187 1350 235 1387 de
265 1363 344 1400 quo
364 1350 493 1388 dicere
520 1350 783 1396 instituimus,
813 1350 888 1387 alia
910 1362 1068 1401 quoque
1097 1356 1211 1398 sunt,
1242 1363 1341 1400 quae
1364 1350 1491 1388 lecto—

45 1419 128 1444 rem
149 1412 363 1445 morentur.
417 1406 513 1443 Nam
535 1406 706 1457 primum
726 1418 807 1443 non
828 1412 907 1443 tam
934 1412 1086 1443 certum
1110 1411 1189 1454 est,
1218 1405 1323 1455 quod
1344 1406 1490 1456 Foggi-

46 1462 135 1500 nius
156 1461 374 1510 existimat,
402 1475 465 1499 res
491 1475 513 1498 a
532 1461 714 1512 Pompeio
733 1462 782 1498 ad
802 1461 949 1500 Metelli
969 1461 1122 1499 laudem
1142 1461 1183 1498 in
1212 1460 1316 1498 bello
1336 1461 1489 1501 Cretico

45 1517 351 1555 imminuendam
371 1524 476 1554 actas
498 1518 691 1568 spectari;
721 1530 875 1554 omnem
904 1516 1005 1554 enim
1028 1530 1161 1555 rerum
1178 1531 1199 1554 a
1217 1517 1403 1567 Pompeio
1423 1530 1489 1567 ge-

46 1579 194 1611 starum
221 1573 373 1610 laudem
407 1573 685 1622 comprehendi
723 1579 908 1623 apparet;
954 1586 1029 1610 nec
1054 1572 1164 1610 verbi
1197 1575 1490 1613 πλουῒολεκτεῖν

47 1642 182 1666 sensus
202 1641 251 1665 ex
270 1628 338 1665 illa
359 1628 685 1678 interpretatione
704 1629 838 1679 prodit
858 1629 1109 1680 perspicuus;
1138 1641 1211 1665 nec
1234 1629 1400 1678 denique
1417 1641 1491 1666 vo-

49 1685 158 1722 culae
176 1682 229 1730 ὦς
246 1686 326 1722 τῶν
344 1698 458 1734 quem
479 1698 632 1721 sensum
650 1685 817 1721 habeant
834 1690 1006 1735 apparet.
1059 1684 1101 1721 Si
1123 1690 1259 1721 contra
1281 1684 1487 1734 glossatori

47 1740 144 1777 fides
163 1739 295 1776 haberi
316 1740 456 1788 possit,
486 1740 554 1790 qui
572 1742 620 1777 de
636 1741 740 1777 lulio
763 1740 929 1777 Caesare
944 1739 1128 1789 cogitavit
1146 1739 1253 1791 (nam
1269 1739 1377 1790 quod
1391 1740 1490 1790 Fog-

49 1796 180 1845 ginius
204 1796 425 1842 existimat,
456 1795 588 1832 verbis
621 1799 773 1846 Καῖσαρ
804 1794 829 1834 ό
856 1795 975 1848 μέγας
999 1795 1236 1846 Augustum
1262 1795 1488 1845 significari,

49 1851 208 1888 minime
230 1857 358 1901 potest
377 1851 564 1901 probari),
581 1851 749 1902 primum
769 1851 908 1888 summi
923 1851 1040 1889 Ducis
1060 1851 1375 1889 commemoratio
1394 1855 1492 1903 poe-

48 1913 113 1944 tae
133 1906 298 1944 consilio
322 1908 635 1952 accommodata3
665 1913 746 1943 tum
764 1910 1055 1947 πλουτολεκτεῖν
1075 1906 1202 1958 accipi
1221 1907 1345 1958 possit
1359 1907 1408 1944 de
1425 1907 1492 1945 di·

48 1963 156 2001 vitiis
174 1963 214 1999 in
234 1962 337 1998 bello
361 1962 514 1999 Gallico
533 1963 724 2011 congestis
742 1961 976 2010 (Γαλατικὸν
1003 1965 1176 2002 πλοῦτον
1197 1962 1366 2013 appellat
1384 1963 1492 2000 Plu-

48 2017 210 2055 tarchus
237 2017 279 2054 in
301 2017 376 2056 Vit.
403 2018 508 2056 Caes,
530 2031 562 2054 c.
586 2016 689 2067 29),
719 2023 787 2055 aut
807 2018 923 2055 etiam
952 2019 1000 2056 de
1022 2018 1070 2055 iis
1085 2049 1096 2064 ,
1124 2031 1219 2068 quas
1242 2018 1334 2056 belli
1361 2018 1490 2056 civilis

50 2073 164 2111 initio
192 2087 239 2110 ex
262 2074 408 2110 aerario
436 2074 593 2120 sumsit3
624 2074 780 2110 tandem
802 2087 935 2111 versus
956 2078 1018 2115 17.
1037 2073 1204 2111 admissa
1222 2073 1491 2112 emendatione

50 2135 186 2167 nostra
207 2125 338 2167 α’στῶν
356 2143 426 2180 pro
446 2128 499 2175 αἱς
521 2132 619 2177 τῶν,
650 2129 803 2166 facilem
826 2127 1006 2167 habuerit
1025 2129 1324 2180 explicationem
1345 2130 1393 2168 de
1414 2143 1491 2181 po-

50 2185 174 2221 tentia
192 2198 212 2220 a
231 2185 392 2222 Caesare
413 2185 564 2222 civibus
584 2185 749 2222 devictis
772 2185 811 2222 in
831 2185 935 2222 bello
954 2185 1062 2222 civili
1081 2191 1192 2236 parta
1205 2214 1215 2232 ,
1244 2198 1320 2235 qua
1339 2185 1490 2223 instru-

53 2246 136 2277 ctus
157 2238 432 2291 (ὦπλισμένος)
456 2241 585 2288 venit3
617 2240 719 2278 sicut
740 2241 855 2278 etiam
877 2254 916 2278 v.
939 2244 1004 2283 18.
1025 2241 1143 2278 verba
1162 2238 1212 2280 ταὶ
1227 2236 1346 2292 τύχης
1365 2239 1499 2291 στέφη

50 2295 233 2332 retuleris
253 2295 302 2331 ad
322 2296 544 2346 opinionem
566 2296 686 2344 illam,
716 2309 830 2346 quam
855 2296 1053 2334 Caesarem
1074 2297 1123 2334 de
1151 2297 1311 2334 fortuna
1331 2309 1400 2334 sua
1419 2294 1490 2331 ha-

51 2350 182 2388 buisse
209 2356 375 2390 constat.
433 2351 482 2388 At
503 2365 645 2388 nomen
668 2353 851 2402 Πομπίος
871 2352 1068 2402 quomodo
1095 2351 1145 2390 ad
1172 2352 1370 2390 caesarem
1397 2356 1488 2387 tra-

50 2404 151 2444 has?
180 2405 312 2442 nescio
331 2405 530 2456 equidem,
559 2420 687 2457 neque
702 2407 744 2443 in
760 2407 987 2456 glossatoris
1003 2408 1132 2446 verbis
1150 2407 1362 2458 quicquam
1376 2406 1491 2453 inest,

53 2462 160 2512 quod
183 2461 232 2497 ad
256 2461 433 2498 tenebras
462 2462 548 2500 illas
570 2463 773 2500 diluendas
801 2463 929 2501 saciat.
958 2463 1006 2502 In
1036 2463 1187 2501 Glossis
1212 2461 1318 2513 apud
1335 2462 1491 2498 Ducan-

52 2517 159 2566 gium
187 2516 359 2567 reperio:
391 2514 574 2567 πόμπιος.
598 2517 825 2568 parricida.
881 2519 995 2557 Num-
1015 2519 1135 2570 igitur
1163 2518 1359 2564 dicamus,
1397 2516 1491 2552 Cae-

55 2585 178 2609 sarem
195 2573 252 2608 sic
275 2572 463 2623 appellari
483 2587 504 2609 a
523 2573 764 2622 Theodosio,
795 2574 898 2625 quod
917 2575 1132 2612 secundum
1154 2574 1293 2611 samam
1314 2570 1493 2608 nonnul-

54 2627 183 2664 lorum
205 2634 327 2664 mater
355 2627 436 2664 eius
459 2628 562 2666 inter
587 2630 816 2680 pariendum
839 2631 1030 2681 perierit?
1056 2629 1163 2682 (Vid.
1187 2628 1387 2664 Constant.
1411 2626 1493 2663 Ma-

55 2683 180 2720 nassis
202 2684 413 2734 Compend.
434 2682 577 2721 chron.
597 2698 638 2735 p·
660 2687 726 2727 37.
751 2686 793 2724 C.
814 2692 853 2723 et
872 2686 1038 2724 Millium
1062 2685 1111 2722 ad
1130 2685 1183 2722 lo.
1202 2681 1383 2720 Antioch.
1405 2682 1493 2720 Mal.

58 2736 272 2788 Chronogr.
301 2753 340 2789 p.
367 2737 476 2790 275.)
505 2752 600 2789 quae
624 2741 855 2791 appellatio,
885 2742 966 2778 sive
991 2741 1033 2777 in
1056 2739 1209 2776 laudem
1235 2737 1365 2774 trahas
1392 2737 1491 2774 Cae-

58 2793 176 2842 saris,
209 2806 290 2830 non
312 2807 355 2832 ea
382 2807 459 2845 qua
487 2795 628 2846 vulgus
654 2794 860 2834 hominum
887 2797 951 2835 via
978 2796 1022 2833 in
1047 2795 1177 2833 lucem
1204 2793 1322 2840 editi3
1350 2792 1494 2830 sivein
