1754 2996
274 134 375 183 474
727 140 776 185 C.
803 141 851 185 B.
881 139 1033 184 HASII
1059 135 1260 185 NOTAE

386 248 571 298 Quartus
592 246 749 284 Phison
767 247 843 283 erit
854 275 864 294 ,
895 259 1012 296 quem
1024 245 1206 297 possidet
1222 244 1345 285 India
1367 248 1572 300 Gangem.-

383 305 522 343 Motus
544 302 741 352 odorifero
764 303 918 353 quoties·
937 305 1010 353 qai
1029 305 1173 340 vertice
1193 306 1326 354 crevit,

381 358 592 399 Decidaas
603 359 778 410 pulchro
801 372 906 409 quas
923 360 1316 411 ‹sparguntflumlna
1335 360 1424 399 luco
1479 355 1482 357 ’

384 416 850 464 Praelambensfaratur
869 428 981 466 opas-7
1011 422 1047 453 et
1061 418 1229 468 gurgite
1247 425 1432 455 nostrum

381 473 514 511 Ducit
537 475 580 509 in
602 473 774 509 exilium.

385 528 488 567 Ibid.
527 531 597 567 lin.
635 532 673 570 7.
708 530 781 568 τοῦ
807 528 1025 575 Βυζαντίου
1053 524 1208 592 οἷπᾷρας
1216 528 1232 580 ]
1274 527 1439 570 Cedreu
1467 527 1518 567 11.
1545 531 1641 571 671.
1672 528 1719 567 D.

271 581 563 637 συνταξαμενος
577 588 660 631 τοῖς
677 585 874 633 πολίταις,
905 584 1012 635 quod
1029 585 1148 623 vertit
1166 585 1571 636 Xylander‚rel1cti⁸
1589 584 1648 622 ad
1663 586 1719 622 οιὲ-

269 656 338 679 ve-s·
356 640 574 679 mandati-9.
623 640 700 678 Sed
720 636 1010 680 συντάσσεσθαι
1029 646 1088 678 est
1106 640 1342 690 taledccere,
1371 647 1418 679 ut
1435 641 1625 692 exemplis
1646 640 1719 679 de-

268 703 587 736 monstraverunt
606 697 828 747 Ducangius
841 697 1012 734 Glossar.
1035 696 1084 734 II.
1107 697 1225 740 1487.
1249 698 1291 737 1).
1313 698 1507 749 multique
1527 697 1606 735 alii.

380 753 482 793 Ibid.
512 755 583 791 lin.
614 757 677 796 16.
706 748 951 806 κλεισούρας]
981 752 1083 791 Vide
1098 753 1188 791 loca
1206 754 1372 792 collecta
1390 753 1625 804 aDucangio
1642 753 1720 791 No-

267 810 319 849 tis
337 810 389 848 ad
412 812 513 848 Ann.
535 811 671 848 Comn.
689 811 783 851 300.
803 810 849 847 1).

120 865 158 898 Ρ.
183 863 252 900 233
382 869 486 918 Pag.
517 869 609 909 131.
638 866 712 905 lin.
743 865 780 907 5.
808 880 864 912 ως
891 864 1029 917 ἔχομεν
1055 861 1200 918 τάχους
1227 861 1579 930 ἐνσκευασαμενοι]
1607 866 1719 913 Quae

269 923 320 961 de
335 936 413 961 usu
430 922 540 961 verbi
563 917 844 973 ἐνσκευάζομαι
865 921 1058 973 (activum
1081 917 1300 969 ἐνσκευᾶζω
1319 922 1437 960 latius
1454 921 1588 974 patet)
1621 935 1719 973 pas-

270 980 346 1017 sim
359 979 465 1031 apud
484 979 609 1018 bonos
631 978 877 1030 potissimum
890 978 1104 1029 scriptores
1124 979 1235 1015 obsen
1238 977 1341 1027 vavi,
1365 979 1486 1030 paulo
1499 978 1717 1017 dilucidius

268 1035 337 1073 hic
370 1035 612 1087 explanabO.
651 1032 704 1086 1.)
730 1034 922 1072 Primaria
950 1033 1059 1072 haud
1082 1034 1200 1072 dubie
1222 1033 1283 1072 vis
1311 1040 1392 1084 est,
1422 1032 1593 1087 σκευήν,
1621 1034 1661 1073 11.
1685 1048 1717 1075 e.

270 1099 481 1139 ornatam,
522 1097 589 1128 aut
623 1092 836 1139 vestitum,
866 1090 1065 1128 scenicum
1106 1090 1336 1141 praesertim
1367 1096 1437 1128 aut
1470 1091 1745 1141 insolentem,›

269 1162 434 1185 assumo
457 1153 524 1185 aut
544 1145 683 1184 indu-,o
720 1147 831 1184 Plato
849 1146 999 1187 Criton.
1022 1147 1052 1185 Ι.
1073 1148 1140 1190 53.
1162 1148 1208 1185 D.
1236 1143 1382 1213 σκευήν
1398 1146 1440 1187 τέ
1454 1162 1544 1187 τινα
1559 1146 1719 1196 περιθὲ·

268 1219 407 1256 μενος,
419 1200 464 1275 1,ἦ
483 1201 682 1269 διφθέραν
709 1200 868 1255 λαβών,
895 1199 925 1254 ’ἢ
944 1200 1063 1253 ἄλλα,
1092 1199 1159 1243 οἷα
1184 1200 1238 1255 δή
1267 1199 1460 1244 εἰωθασιν
1487 1199 1718 1251 ἐνσκευάζε-

268 1265 368 1300 σθαι
389 1260 432 1300 οἷ
450 1255 820 1309 ἀποδιδράσκοντες.
878 1259 969 1306 Quo
989 1273 1107 1298 sensu
1126 1265 1211 1297 tum
1234 1258 1282 1296 ab
1305 1259 1392 1298 aliis
1412 1258 1628 1298 adhibitum
1648 1259 1718 1298 vi·-

267 1316 363 1366 deo,
393 1316 504 1354 velut
535 1315 582 1352 ab
603 1315 854 1356 Altemidoro
876 1315 1058 1354 Onirocr.
1081 1315 1147 1358 84.
1168 1315 1210 1355 C.
1239 1313 1488 1369 βαρβαρικην
1505 1314 1548 1356 δὲ
1566 1315 1734 1371 ἐσθῆτα·

267 1371 370 1424 ἔχειν
389 1371 746 1435 ἐνεσκευασμένην·
777 1386 799 1409 a
827 1371 993 1409 Philone
1021 1373 1076 1410 De
1099 1372 1304 1410 temulent.
1331 1374 1424 1414 187.
1449 1372 1495 1410 E.
1525 1372 1582 1409 De
1603 1386 1719 1410 mer-

263 1429 359 1466 cede
387 1428 603 1466 merenicis
620 1441 701 1466 non
722 1427 951 1479 accipienda
971 1431 1066 1470 668.
1096 1428 1136 1465 (3.
1167 1429 1297 1477 Legat.
1324 1428 1374 1465 ad
1396 1428 1529 1466 Gaium
1557 1431 1652 1470 678.
1675 1429 1716 1466 C

263 1491 350 1523 tum
373 1484 415 1522 in
433 1485 572 1536 primis
587 1498 609 1521 a
627 1483 836 1522 Plutarcho
864 1485 1086 1551 Comgarat.
1109 1483 1273 1522 Sertorii
1291 1489 1331 1521 et
1347 1484 1534 1522 Eumenis
1556 1485 1650 1526 569.
1671 1485 1716 1524 D.

264 1545 350 1589 τοῖς
373 1539 416 1580 δὲ
435 1543 516 1581 τῶν
545 1538 759 1593 βαρβάρων
785 1539 952 1592 [nempe
973 1537 1110 1587 όπλοις
1129 1539 1198 1580 καὶ
1216 1539 1421 1591 ἐσθῆσινῘ
1443 1539 1718 1593 ἐνεσκευασμέ·

265 1610 384 1644 νους·
415 1603 454 1635 et
475 1596 631 1634 Othone
660 1593 1087 1648 1069.1).ᾰναξυρῖσι
1104 1595 1173 1635 καὶ
1196 1600 1362 1649 χειρῖσιν
1378 1595 1717 1665 ἐνεσκευασμένος.

265 1654 321 1691 Ut
343 1654 424 1692 fere
442 1654 563 1692 velim
583 1653 690 1705 apud
710 1652 887 1701 eundem,
911 1653 1033 1703 Agide
1045 1659 1084 1690 et
1097 1652 1239 1690 Cleom.
1263 1655 1358 1695 822.
1374 1653 1413 1700 C.
1433 1649 1527 1704 μετιὶ
1550 1668 1630 1693 των
1649 1654 1717 1703 φί-

267 1713 346 1749 λων
369 1707 628 1761 ἐξεπήδησεν,
658 1708 994 1760 ἐξεσκευασμένων
1015 1708 1183 1759 ὁμοίως,
1211 1708 1338 1759 legere
1365 1707 1717 1760 ἐνεσκευασμένων.

230 1761 570 1817 ΒῈκσκευοῖζομαι
586 1766 691 1803 enim
712 1778 800 1802 cum
820 1765 925 1816 apud
945 1763 1202 1803 Plutarchum
1222 1764 1383 1802 omuino
1404 1771 1515 1803 extra
1533 1763 1639 1802 hunc
1656 1765 1717 1803 lo..

265 1835 359 1860 cum
380 1836 462 1860 non
482 1821 698 1872 reperitur,
728 1827 812 1859 tum
832 1821 937 1872 apud
953 1821 1128 1872 reliquos
1149 1827 1253 1859 certe
1272 1834 1354 1859 non
1370 1819 1447 1859 hac
1465 1820 1718 1872 significatio-

266 1891 328 1916 ne.
386 1879 566 1916 Notanda
588 1883 789 1929 praeterea
807 1877 1054 1915 constructio
1079 1874 1384 1924 ἐνσκευάζεσθαι
1412 1877 1469 1925 εἷς
1490 1893 1548 1926 τι,
1578 1885 1716 1915 sumta

261 1941 371 1972 ιεδίε
407 1949 449 1971 se
479 1935 651 1971 «vinalem
679 1934 812 1970 alicui
838 1933 1014 1982 reddere,
1052 1933 1139 1970 sich
1165 1935 1208 1970 in
1230 1931 1444 1982 jemanden
1480 1932 1713 1984 verkleiden,²

268 1990 375 2040 apud
395 1990 590 2041 P01phyr.
620 1991 675 2028 De
695 1989 859 2042 physica
880 1990 1049 2031 fabular.
1071 1989 1258 2041 explicat.
1281 1992 1374 2031 117.
1396 1989 1440 2027 A.
1469 1988 1491 2030 ὅ
1512 1986 1584 2040 μὲν
1612 1990 1714 2042 ἱερο-

269 2042 426 2096 φάντης
449 2047 505 2092 εἰς
523 2042 660 2086 εἰκόνα
677 2049 750 2086 τοῦ
767 2047 1013 2099 δημιουργοῦ
1034 2042 1314 2093 ἐνσκευάζεται.
1371 2043 1428 2097 2.)
1455 2045 1513 2082 Ab
1528 2044 1604 2082 hac
1624 2045 1713 2096 pri-

267 2115 333 2139 ma
367 2101 651 2151 significatione
681 2101 802 2140 fluxit
835 2103 978 2150 alter‚a
1007 2115 1191 2150 assumo,
1221 2099 1347 2137 induo
1377 2100 1633 2151 simpliciter,
1666 2107 1715 2140 ut

266 2171 351 2195 non
381 2158 598 2196 necessario
627 2159 825 2196 scenicum
852 2158 1110 2195 insolitumve
1135 2157 1188 2194 sit
1214 2156 1324 2207 quod
1352 2155 1554 2195 induatur.
1599 2156 1711 2196 Philo

266 2213 324 2251 De
342 2213 504 2252 somniis
526 2217 618 2256 872.
638 2215 682 2252 A.
712 2210 979 2265 σωφροσύνην
1000 2213 1067 2253 καὶ
1087 2208 1288 2264 εὐσέβειαν
1305 2211 1371 2252 καὶ
1399 2210 1469 2259 τὰς
1486 2210 1606 2261 ἄλλας
1626 2210 1713 2265 ἄρε-

265 2266 338 2316 τᾶς
360 2268 685 2323 ἐνεσκευασμένῳ.
734 2269 972 2308 Plutarchus
998 2270 1054 2307 De
1086 2282 1188 2308 orac,
1220 2268 1362 2307 desect.
1387 2268 1481 2310 431.
1502 2269 1543 2306 C.
1575 2266 1714 2320 ψυχὴν

266 2324 601 2376 ἐνεσκευασμένην
632 2328 765 2376 σῶμα,
795 2328 979 2363 animam
1015 2339 1175 2375 corpore
1210 2326 1418 2362 amictum.
1476 2326 1513 2362 S.
1551 2325 1712 2375 Gregor-

265 2382 381 2433 Nyss.
410 2381 599 2420 Oratione
620 2380 664 2417 in
688 2394 755 2418 XL.
775 2381 888 2421 Mart.
906 2382 974 2422 ΠΙ.
995 2382 1092 2424 205.
1113 2381 1157 2418 Β.
1186 2378 1260 2431 τήν
1281 2380 1506 2421 πανοπλίαν
1524 2380 1712 2420 ἐνσκευα-

267 2435 438 2490 ζόμενοι.
481 2435 536 2488 3.)
567 2436 696 2475 Tertia
712 2437 956 2487 significatio,
986 2435 1151 2482 adorno,
1178 2437 1334 2485 molior,
1363 2436 1594 2488 praesertim
1609 2437 1714 2474 insi—

267 2494 400 2544 diose,
425 2493 534 2531 haud
554 2492 637 2530 scio
661 2506 711 2530 an
739 2506 762 2529 a
786 2493 900 2530 nullo
921 2493 1041 2543 magis
1060 2494 1334 2543 frequentetur
1351 2506 1469 2543 quam
1487 2506 1510 2529 a
1529 2491 1712 2544 Iosepho.

266 2550 389 2589 Velut
408 2550 462 2588 De
480 2549 587 2588 bello
607 2548 693 2588 Iud.
715 2551 811 2590 712
837 2549 882 2586 E.
911 2548 954 2589 ἐκ
973 2549 1193 2600 ὃιαβολων,
1224 2545 1273 2596 ἃς
1290 2549 1332 2589 οἱ
1348 2546 1518 2600 πονηροὶ
1541 2550 1620 2587 τῶν
1642 2563 1712 2588 κα·
1733 2595 1738 2602 .

269 2603 318 2645 τὰ
345 2603 388 2647 τὸ
416 2607 616 2658 βασίλειον
654 2601 971 2645 ἐνεσκευάσαντο.
1023 2605 1117 2647 751.
1146 2605 1186 2642 C.
1215 2601 1401 2656 διαβολας
1430 2603 1474 2643 δὲ
1499 2618 1599 2643 κατα
1631 2606 1713 2644 τῶν

229 2659 664 2712 (Βοῖδελφῶνήτοικίλας
682 2656 1022 2712 ἐνσκευαζόμενος.
1061 2664 1156 2703 770.
1175 2661 1217 2698 C.
1246 2662 1478 2712 τηλικοῦτον
1504 2662 1629 2710 μῦσος
1650 2659 1709 2700 ἐν·
1749 2663 1754 2709 ζ

270 2715 568 2769 σκευαζόμενον.
626 2717 726 2755 Vide
758 2730 910 2767 quoque
932 2719 1029 2758 771.
1060 2715 1103 2754 Ε.
1133 2723 1171 2754 et
1192 2719 1284 2759 810.
1305 2716 1349 2753 Ε.
1378 2714 1562 2761 Quibus'
1550 2729 1594 2752 m
1611 2715 1712 2753 locis

270 2773 454 2813 omnibus
478 2773 674 2826 significat
701 2772 804 2813 idem
834 2772 942 2825 quod
976 2784 1180 2825 σκευωρω,
1209 2771 1316 2824 quod
1342 2770 1488 2823 legitur
1517 2770 1711 2823 Antiquit.
1748 2789 1754 2803 =
