1722 3042
213 127 318 158 xxiv
430 160 432 163 ,
749 119 798 164 C.
826 120 874 164 B.
903 118 1055 164 HASII

213 224 305 277 plus
324 236 441 276 quam
456 225 580 263 multa
609 225 685 263 alia
717 223 891 263 eiusdem
913 223 1073 274 aetatis,
1101 235 1202 275 quae
1228 222 1396 262 editioni
1423 228 1561 276 parata
1583 222 1660 261 ha-

214 291 345 341 beam,
377 291 507 329 lucem
527 303 773 330 commerere.
830 290 924 330 cavi
946 296 1073 340 certe,
1101 297 1150 330 ut
1168 304 1218 330 ne
1238 290 1336 342 quid
1353 289 1521 328 nimium
1543 303 1566 327 a
1587 303 1660 328 no-

215 358 275 396 bis
292 358 333 396 in
355 357 431 395 hac
449 363 559 410 parte
587 358 783 396 adiectum
809 370 890 395 esse
916 356 1127 396 diceretur.
1185 358 1364 406 Quatuor
1385 361 1497 396 erant
1521 355 1659 406 codd„

214 425 258 463 in
285 424 427 476 quibus
456 425 636 463 libellum
667 424 774 462 hunc
803 423 1061 463 offenderam:
1097 423 1144 477 Ι.)
1172 424 1313 475 Regius
1338 423 1451 468 2437
1475 423 1544 462 fol.
1576 425 1660 466 371

214 506 325 529 verso
346 512 402 521 —-
422 492 501 534 409
522 499 625 529 recto
635 505 649 540 3
677 489 746 543 ΙΙ.)
762 491 901 542 Regius
919 491 1028 534 2445
1050 491 1117 530 fol.
1135 494 1219 535 320
1235 498 1339 530 recto
1358 513 1411 521 -
1429 491 1512 534 335
1527 504 1664 542 νενεος,

214 557 298 613 ΠΙ.)
321 559 453 597 Codex
472 560 543 597 No.
556 563 609 602 26
628 558 895 611 Supplementi
915 558 1056 608 nostri,
1073 571 1187 610 quem
1205 558 1248 596 in
1266 572 1336 597 ora
1351 558 1469 597 modo
1486 557 1662 597 indicavi
1707 585 1722 611 :¹

214 627 346 665 littera
364 627 417 676 B,
446 626 563 664 modo
591 625 688 676 siglo
707 625 801 675 hoc,
834 625 930 664 Cod.
950 629 1081 678 suppl.
1107 626 1164 664 ibi
1182 626 1328 677 legitur
1347 626 1383 664 is
1407 625 1562 664 libellus
1587 625 1658 666 fol.
1705 625 1712 632 ’

219 697 297 736 171
317 701 420 731 recto
437 715 489 722 ——
510 696 591 736 172
611 707 743 744 ver-903
771 693 852 740 IV.)
879 694 1077 732 Palatinus
1096 693 1169 732 No.
1189 695 1284 743 393,
1313 707 1347 734 a.
1370 697 1479 738 1797
1496 707 1547 732 ex
1562 693 1662 733 urbe
1707 707 1711 710 ’

217 761 403 800 advectus
430 761 472 798 in
493 759 797 811 Bibliothecam,
828 773 862 798 a.
889 761 995 803 1815
1019 761 1181 799 Romam
1209 766 1445 813 reportatus.
1461 761 1495 800 E
1520 761 1655 813 quibua
1704 749 1713 790 {‘’

217 828 259 865 in
298 827 447 866 edendo
475 834 632 866 secutus
661 841 748 866 sum
784 827 1034 879 potissimum
1064 828 1277 879 Cod.‘Reg.
1308 828 1439 871 2437:
1475 829 1585 867 cuius
1613 833 1657 868 ut
1706 828 1722 875 ἦ,

217 895 311 933 folia
331 895 373 932 in
389 894 561 944 margine
583 895 764 934 editionis
786 895 992 945 annotavi,
1022 895 1078 933 ita
1095 895 1283 934 lectiones
1300 895 1469 947 intelligi
1489 901 1656 948 oportet,
1707 919 1713 929 κ

217 961 369 1014 quoties
390 960 484 1000 Cod.
502 962 564 1012 A,
594 963 675 1002 sive
699 962 816 1001 etiam
839 961 955 1012 cod„
984 963 1173 1014 singulari
1188 976 1366 1013 numero,
1393 963 1437 1001 in
1454 976 1523 1001 ora
1540 963 1658 1002 ascri-

215 1035 328 1081 ptum
344 1029 501 1080 legitur.
557 1030 634 1068 Ubi
656 1029 779 1068 codd.
800 1030 1031 1083 pluraliter,
1060 1030 1233 1082 reliquos
1257 1036 1338 1069 tres
1369 1028 1412 1067 in
1440 1028 1659 1068 subsidium

215 1095 382 1145 vocavi,
412 1095 530 1146 idque
550 1109 664 1149 saepe
683 1098 848 1136 frustra:
878 1097 1026 1149 quippe
1052 1102 1164 1136 erant
1185 1102 1265 1135 tam
1285 1096 1489 1148 depravati
1510 1109 1657 1146 omnes,

215 1169 262 1202 ut
288 1163 500 1201 sententiae
530 1165 772 1216 complures,
808 1164 884 1202 nisi
912 1165 1040 1215 aliqua
1078 1178 1216 1215 magna
1248 1163 1444 1216 medicina
1469 1162 1658 1213 adhibita,

214 1239 397 1272 constare
428 1232 588 1271 omnino
627 1245 709 1270 non
740 1237 911 1283 possent.
972 1230 1178 1270 Eiusmodi
1210 1230 1319 1268 locos
1351 1242 1402 1268 ex
1432 1229 1678 1268 coniectura

217 1300 421 1338 emendare
441 1305 606 1337 conatus
625 1312 733 1337 sum:
762 1298 817 1337 ita
838 1305 965 1337 tamen
984 1305 1049 1347 ut,
1080 1298 1390 1350 quotiescunque
1406 1297 1494 1336 fieri
1509 1303 1656 1350 posset,

214 1366 463 1419 transpositis
482 1367 613 1418 potius
635 1366 765 1404 verbis
791 1379 909 1417 quam
934 1366 1115 1416 mutatis,
1143 1379 1230 1404 meo
1257 1377 1367 1404 more
1394 1364 1562 1404 nimium
1588 1378 1657 1404 re-
1681 1401 1685 1402 ⁷

212 1435 376 1486 ligiosus
403 1434 446 1471 in
481 1432 768 1484 exemplaribus
798 1433 1026 1485 sequendis,
1054 1446 1171 1486 quam
1199 1432 1428 1473 temerarius
1454 1431 1499 1472 in
1526 1431 1656 1472 corri-

1669 1513 1677 1515 l

213 1501 347 1553 gendis
357 1530 369 1551 ,
395 1513 476 1539 esse
495 1499 663 1538 mallem.

326 1612 398 1654 XI.
434 1611 561 1651 Huius
581 1618 710 1650 autem
731 1612 923 1662 auctoris,
953 1611 1127 1664 quisquis
1144 1612 1242 1663 fuit,
1270 1611 1430 1652 <licendi
1446 1625 1569 1664 genus
1585 1627 1655 1652 ca—

214 1686 274 1719 ret
295 1679 475 1718 omnibus
497 1678 755 1728 ornamentis,
783 1677 1063 1731 horridiusque
1084 1685 1143 1718 est
1169 1694 1217 1718 ac
1233 1681 1505 1732 praefractius.
1559 1683 1655 1721 Ser-

213 1761 368 1785 monem
386 1747 586 1798 vulgarem
606 1759 722 1797 quem
740 1747 976 1798 frequentat,
1006 1760 1107 1787 saec.
1126 1761 1167 1786 x.
1186 1747 1265 1785 iam
1282 1748 1497 1800 plurimum
1512 1763 1535 1786 a
1552 1762 1655 1801 syn-

214 1813 298 1851 taxi
316 1813 547 1863 elegantiore
564 1813 728 1852 abfuisse
747 1813 1017 1852 demonstrant
1038 1814 1271 1854 nominativi
1297 1815 1466 1854 absoluti
1483 1815 1576 1859 125.
1605 1816 1652 1856 D.
1671 1848 1675 1851 .
1719 1806 1722 1824 ²

217 1882 387 1931 Πλῆθος
412 1876 486 1931 γιὶρ
505 1902 556 1909 —-
575 1883 666 1922 130.
698 1880 743 1919 A.
771 1879 946 1933 ὁρῶν-
969 1886 1108 1919 contra
1137 1894 1255 1932 quam
1281 1882 1489 1933 oportebat
1514 1881 1653 1934 positi:

215 1946 379 1996 genitivi
400 1946 573 1985 absoluti
591 1948 685 1986 item
707 1947 856 1991 123.Α.
887 1944 1173 1998 μανθανόντων
1189 1968 1246 1975 -
1263 1945 1471 2000 ὁρμήσωσι.
1500 1949 1651 1991 150.Β.

215 2009 455 2065 ἐγγιζόντων.
486 2013 578 2056 159.
597 2014 639 2053 C.
670 2012 966 2066 διατιθεμένου·
994 2013 1266 2052 subiunctivus
1284 2015 1419 2053 aoristi
1437 2029 1511 2068 pro
1535 2016 1654 2055 futu-

213 2092 259 2117 ro
282 2084 505 2131 usurpatus,
522 2085 567 2118 ut
591 2081 683 2123 140.
703 2081 748 2121 Δ.
771 2076 997 2133 ἐκφύγωσιν
1014 2080 1203 2132 ffugient
1218 2079 1343 2134 (quod
1360 2082 1461 2120 idem
1482 2083 1525 2121 in
1540 2083 1652 2122 mul-

213 2145 266 2183 tis
282 2145 563 2198 praecipitatae
584 2148 767 2186 Graeciae
789 2146 1048 2199 scriptoribus
1066 2160 1143 2185 usu
1158 2148 1290 2186 venit:
1319 2149 1401 2188 vid.
1423 2149 1546 2190 Indic.
1564 2165 1595 2189 s.
1611 2164 1651 2191 v.

54 2218 93 2251 P.
118 2220 190 2253 xm
215 2213 549 2264 Coniunctivus):
579 2212 622 2254 ἐν
648 2220 837 2265 perpetuo
866 2214 1083 2252 adhibitum
1106 2228 1182 2266 pro
1204 2215 1260 2263 εἷς
1290 2218 1382 2260 126.
1409 2216 1455 2259 Δ.
1486 2221 1578 2261 127.
1604 2219 1650 2266 Β.

157 2279 165 2286 ’
215 2281 306 2321 133.
328 2279 369 2317 C.
402 2281 495 2322 152.
517 2280 560 2319 Ι).
589 2276 663 2320 σῦν
684 2287 953 2320 consu-uotum
972 2294 1061 2319 cum
1078 2282 1252 2332 genitivo
1278 2284 1369 2326 158.
1393 2284 1438 2323 Β.
1467 2299 1651 2324 casuum-

213 2358 289 2397 que
304 2346 463 2384 omnino
482 2346 617 2384 crebra
636 2347 827 2388 confusio.
883 2348 1015 2399 Neque
1039 2347 1074 2386 is
1094 2354 1198 2386 certe
1215 2352 1453 2402 quenquam,
1480 2359 1528 2391 ut
1547 2353 1651 2391 Leo-
1719 2384 1722 2385 ν

211 2426 299 2450 nem
321 2413 457 2451 fecisse
473 2413 843 2464 demonstravimus,
872 2414 1060 2467 exprimit
1082 2414 1269 2453 dicendo:
1301 2417 1543 2471 simplicibus
1563 2415 1666 2458 uti·¹
1719 2450 1722 2451 γ

210 2484 280 2516 tur
306 2479 527 2530 nativisque
553 2479 695 2520 verbis.
753 2481 884 2529 Quare
906 2482 1069 2520 fuissem
1095 2481 1265 2534 nimius,
1294 2483 1328 2522 si
1357 2484 1402 2524 in
1425 2487 1648 2526 scrutandis
1718 2510 1722 2514 ⁴

214 2545 385 2584 fontibus
414 2546 646 2584 imitationis
676 2552 830 2586 tantum
857 2549 1017 2600 egissem
1043 2548 1157 2598 satis,
1187 2556 1381 2600 quantum.
1402 2553 1454 2592 ad
1478 2553 1648 2592 Leonem

214 2611 290 2660 egi.
340 2613 481 2663 Notas,
509 2619 666 2666 praeter
684 2614 830 2666 oppido
854 2629 1019 2668 paucaS,
1045 2617 1218 2656 resecui:
1246 2625 1447 2670 postrema
1470 2610 1649 2659 undetri-

211 2676 319 2726 ginta
341 2679 491 2731 capita,
519 2672 616 2732 quae
633 2680 799 2720 habebat
821 2695 922 2722 unus
946 2682 1079 2723 Codex
1096 2684 1329 2736 Palatinus,
1359 2685 1468 2738 quod
1494 2686 1544 2726 ab
1569 2686 1646 2727 alio
