<?xml version="1.0" encoding="UTF-8"?>
<!DOCTYPE html PUBLIC "-//W3C//DTD XHTML 1.0 Transitional//EN"
    "http://www.w3.org/TR/xhtml1/DTD/xhtml1-transitional.dtd">
<html xmlns="http://www.w3.org/1999/xhtml" xml:lang="en" lang="en">
 <head>
  <title>
</title>
<meta http-equiv="Content-Type" content="text/html;charset=utf-8" />
  <meta name='ocr-system' content='tesseract 3.04.00' />
  <meta name='ocr-capabilities' content='ocr_page ocr_carea ocr_par ocr_line ocrx_word'/>
</head>
<body>
  <div class='ocr_page' id='page_1' title='image "./corpusscriptorum33niebuoft/corpusscriptorum33niebuoft_0394.png"; bbox 0 0 1748 3094; ppageno 0'>
   <div class='ocr_carea' id='block_1_1' title="bbox 287 155 1307 210">
    <p class='ocr_par' dir='ltr' id='par_1_1' title="bbox 287 155 1307 210">
     <span class='ocr_line' id='line_1_1' title="bbox 287 155 1307 210; baseline 0.007 -7"><span class='ocrx_word' id='word_1_1' title='bbox 287 155 384 205; x_wconf 82' lang='lat'><strong>350</strong></span> <span class='ocrx_word' id='word_1_2' title='bbox 685 164 1028 209; x_wconf 87' lang='lat' dir='ltr'><strong>LUITPRANDI</strong></span> <span class='ocrx_word' id='word_1_3' title='bbox 1052 164 1307 210; x_wconf 88' lang='lat' dir='ltr'><strong>LEGATIO</strong></span> 
     </span>
    </p>
   </div>
   <div class='ocr_carea' id='block_1_2' title="bbox 223 265 1742 2640">
    <p class='ocr_par' dir='ltr' id='par_1_2' title="bbox 223 265 1742 2640">
     <span class='ocr_line' id='line_1_2' title="bbox 281 265 1699 321; baseline 0.001 -16"><span class='ocrx_word' id='word_1_4' title='bbox 281 271 371 319; x_wconf 88' lang='lat' dir='ltr'><strong>post</strong></span> <span class='ocrx_word' id='word_1_5' title='bbox 391 265 642 318; x_wconf 83' lang='lat' dir='ltr'><strong>quatriduum</strong></span> <span class='ocrx_word' id='word_1_6' title='bbox 663 282 725 307; x_wconf 88' lang='lat' dir='ltr'><strong>me</strong></span> <span class='ocrx_word' id='word_1_7' title='bbox 742 268 857 306; x_wconf 87' lang='lat' dir='ltr'><strong>iussit</strong></span> <span class='ocrx_word' id='word_1_8' title='bbox 877 266 994 307; x_wconf 86' lang='lat' dir='ltr'><strong>adire.</strong></span> <span class='ocrx_word' id='word_1_9' title='bbox 1050 267 1241 308; x_wconf 81' lang='lat' dir='ltr'><strong>Sederunt</strong></span> <span class='ocrx_word' id='word_1_10' title='bbox 1261 281 1349 307; x_wconf 89' lang='lat' dir='ltr'><strong>cum</strong></span> <span class='ocrx_word' id='word_1_11' title='bbox 1368 281 1412 307; x_wconf 92' lang='lat' dir='ltr'><strong>eo</strong></span> <span class='ocrx_word' id='word_1_12' title='bbox 1433 269 1483 308; x_wconf 84' lang='lat' dir='ltr'><strong>ad</strong></span> <span class='ocrx_word' id='word_1_13' title='bbox 1503 268 1699 321; x_wconf 84' lang='lat' dir='ltr'><strong>discepta-</strong></span> 
     </span>
     <span class='ocr_line' id='line_1_3' title="bbox 280 334 1701 387; baseline -0.001 -14"><span class='ocrx_word' id='word_1_14' title='bbox 280 335 426 373; x_wconf 79' lang='lat' dir='ltr'><strong>tionem</strong></span> <span class='ocrx_word' id='word_1_15' title='bbox 459 339 627 372; x_wconf 86' lang='lat' dir='ltr'><strong>vestram</strong></span> <span class='ocrx_word' id='word_1_16' title='bbox 644 364 656 385; x_wconf 88' lang='lat'><strong>,</strong></span> <span class='ocrx_word' id='word_1_17' title='bbox 695 334 910 372; x_wconf 89' lang='lat' dir='ltr'><strong>secundum</strong></span> <span class='ocrx_word' id='word_1_18' title='bbox 949 346 1082 384; x_wconf 76' lang='lat' dir='ltr'><strong>eorum</strong></span> <span class='ocrx_word' id='word_1_19' title='bbox 1115 335 1385 385; x_wconf 76' lang='lat' dir='ltr'><strong>traditionem,</strong></span> <span class='ocrx_word' id='word_1_20' title='bbox 1429 335 1701 387; x_wconf 74' lang='lat' dir='ltr'><strong>sapientissimi</strong></span> 
     </span>
     <span class='ocr_line' id='line_1_4' title="bbox 279 399 1701 455; baseline -0.001 -15"><span class='ocrx_word' id='word_1_21' title='bbox 279 401 368 450; x_wconf 84' lang='lat' dir='ltr'><strong>viri,</strong></span> <span class='ocrx_word' id='word_1_22' title='bbox 397 400 529 438; x_wconf 87' lang='lat' dir='ltr'><strong>Attico</strong></span> <span class='ocrx_word' id='word_1_23' title='bbox 548 401 737 451; x_wconf 85' lang='lat' dir='ltr'><strong>pollentes</strong></span> <span class='ocrx_word' id='word_1_24' title='bbox 756 399 923 450; x_wconf 87' lang='lat' dir='ltr'><strong>eloquio,</strong></span> <span class='ocrx_word' id='word_1_25' title='bbox 945 400 1113 439; x_wconf 77' lang='lat' dir='ltr'><strong>Basilius</strong></span> <span class='ocrx_word' id='word_1_26' title='bbox 1132 401 1479 451; x_wconf 88' lang='lat' dir='ltr'><strong>Parakimomenos,</strong></span> <span class='ocrx_word' id='word_1_27' title='bbox 1494 399 1551 455; x_wconf 75' lang='lat'><strong>²⁸)</strong></span> <span class='ocrx_word' id='word_1_28' title='bbox 1581 402 1701 440; x_wconf 82' lang='lat' dir='ltr'><strong>Proto</strong></span> 
     </span>
     <span class='ocr_line' id='line_1_5' title="bbox 278 466 1702 519; baseline -0.001 -13"><span class='ocrx_word' id='word_1_29' title='bbox 278 482 300 506; x_wconf 90' lang='lat' dir='ltr'><strong>a</strong></span> <span class='ocrx_word' id='word_1_30' title='bbox 332 467 511 513; x_wconf 87' lang='lat' dir='ltr'><strong>secretis,</strong></span> <span class='ocrx_word' id='word_1_31' title='bbox 549 466 890 514; x_wconf 86' lang='lat' dir='ltr'><strong>Protovestiarius‚</strong></span> <span class='ocrx_word' id='word_1_32' title='bbox 932 472 971 505; x_wconf 84' lang='lat' dir='ltr'><strong>et</strong></span> <span class='ocrx_word' id='word_1_33' title='bbox 998 467 1076 505; x_wconf 90' lang='lat' dir='ltr'><strong>duo</strong></span> <span class='ocrx_word' id='word_1_34' title='bbox 1104 467 1299 518; x_wconf 80' lang='lat' dir='ltr'><strong>magistri,</strong></span> <span class='ocrx_word' id='word_1_35' title='bbox 1335 479 1499 519; x_wconf 84' lang='lat' dir='ltr'><strong>quorum</strong></span> <span class='ocrx_word' id='word_1_36' title='bbox 1522 466 1600 505; x_wconf 89' lang='lat' dir='ltr'><strong>hoc</strong></span> <span class='ocrx_word' id='word_1_37' title='bbox 1625 466 1702 505; x_wconf 83' lang='lat' dir='ltr'><strong>fuit</strong></span> 
     </span>
     <span class='ocr_line' id='line_1_6' title="bbox 277 531 1700 584; baseline -0.001 -12"><span class='ocrx_word' id='word_1_38' title='bbox 277 532 514 572; x_wconf 81' lang='lat' dir='ltr'><strong>narrationis</strong></span> <span class='ocrx_word' id='word_1_39' title='bbox 533 531 712 570; x_wconf 87' lang='lat' dir='ltr'><strong>initium:</strong></span> <span class='ocrx_word' id='word_1_40' title='bbox 744 532 839 582; x_wconf 83' lang='lat' dir='ltr'><strong>quid</strong></span> <span class='ocrx_word' id='word_1_41' title='bbox 860 539 994 571; x_wconf 86' lang='lat' dir='ltr'><strong>causae</strong></span> <span class='ocrx_word' id='word_1_42' title='bbox 1011 533 1081 581; x_wconf 90' lang='lat' dir='ltr'><strong>sit,</strong></span> <span class='ocrx_word' id='word_1_43' title='bbox 1110 545 1229 584; x_wconf 88' lang='lat' dir='ltr'><strong>quare</strong></span> <span class='ocrx_word' id='word_1_44' title='bbox 1247 538 1287 570; x_wconf 89' lang='lat' dir='ltr'><strong>te</strong></span> <span class='ocrx_word' id='word_1_45' title='bbox 1305 532 1383 570; x_wconf 89' lang='lat' dir='ltr'><strong>huc</strong></span> <span class='ocrx_word' id='word_1_46' title='bbox 1399 533 1587 584; x_wconf 73' lang='lat' dir='ltr'><strong>fatigasti,</strong></span> <span class='ocrx_word' id='word_1_47' title='bbox 1616 534 1700 571; x_wconf 80' lang='lat' dir='ltr'><strong>fra-</strong></span> 
     </span>
     <span class='ocr_line' id='line_1_7' title="bbox 276 597 1699 650; baseline -0.001 -12"><span class='ocrx_word' id='word_1_48' title='bbox 276 606 358 649; x_wconf 86' lang='lat' dir='ltr'><strong>ter,</strong></span> <span class='ocrx_word' id='word_1_49' title='bbox 390 599 565 637; x_wconf 86' lang='lat' dir='ltr'><strong>edissere.</strong></span> <span class='ocrx_word' id='word_1_50' title='bbox 624 597 772 645; x_wconf 83' lang='lat' dir='ltr'><strong>Quibus</strong></span> <span class='ocrx_word' id='word_1_51' title='bbox 789 612 876 636; x_wconf 90' lang='lat' dir='ltr'><strong>cum</strong></span> <span class='ocrx_word' id='word_1_52' title='bbox 893 600 1113 650; x_wconf 85' lang='lat' dir='ltr'><strong>parentelae</strong></span> <span class='ocrx_word' id='word_1_53' title='bbox 1133 598 1274 648; x_wconf 82' lang='lat' dir='ltr'><strong>gratia,</strong></span> <span class='ocrx_word' id='word_1_54' title='bbox 1304 611 1404 650; x_wconf 81' lang='lat' dir='ltr'><strong>quae</strong></span> <span class='ocrx_word' id='word_1_55' title='bbox 1427 605 1527 638; x_wconf 87' lang='lat' dir='ltr'><strong>esset</strong></span> <span class='ocrx_word' id='word_1_56' title='bbox 1547 599 1699 638; x_wconf 81' lang='lat' dir='ltr'><strong>occasio</strong></span> 
     </span>
     <span class='ocr_line' id='line_1_8' title="bbox 277 664 1699 716; baseline -0.001 -12"><span class='ocrx_word' id='word_1_57' title='bbox 277 666 451 704; x_wconf 89' lang='lat' dir='ltr'><strong>infinitae</strong></span> <span class='ocrx_word' id='word_1_58' title='bbox 478 664 607 716; x_wconf 81' lang='lat' dir='ltr'><strong>pacis,</strong></span> <span class='ocrx_word' id='word_1_59' title='bbox 638 665 850 714; x_wconf 82' lang='lat' dir='ltr'><strong>edicerem,</strong></span> <span class='ocrx_word' id='word_1_60' title='bbox 888 665 1091 716; x_wconf 88' lang='lat' dir='ltr'><strong>inquiunt:</strong></span> <span class='ocrx_word' id='word_1_61' title='bbox 1131 665 1306 704; x_wconf 87' lang='lat' dir='ltr'><strong>inaudita</strong></span> <span class='ocrx_word' id='word_1_62' title='bbox 1332 679 1395 703; x_wconf 88' lang='lat' dir='ltr'><strong>res</strong></span> <span class='ocrx_word' id='word_1_63' title='bbox 1423 672 1498 715; x_wconf 88' lang='lat' dir='ltr'><strong>est,</strong></span> <span class='ocrx_word' id='word_1_64' title='bbox 1527 671 1572 704; x_wconf 90' lang='lat' dir='ltr'><strong>ut</strong></span> <span class='ocrx_word' id='word_1_65' title='bbox 1599 667 1699 704; x_wconf 89' lang='lat' dir='ltr'><strong>Por-</strong></span> 
     </span>
     <span class='ocr_line' id='line_1_9' title="bbox 274 731 1698 785; baseline -0.002 -14"><span class='ocrx_word' id='word_1_66' title='bbox 274 732 548 785; x_wconf 74' lang='lat' dir='ltr'><strong>phyrogensti,</strong></span> <span class='ocrx_word' id='word_1_67' title='bbox 577 731 926 783; x_wconf 83' lang='lat' dir='ltr'><strong>Porphyrogenita,</strong></span> <span class='ocrx_word' id='word_1_68' title='bbox 954 731 1030 769; x_wconf 86' lang='lat' dir='ltr'><strong>hoc</strong></span> <span class='ocrx_word' id='word_1_69' title='bbox 1059 737 1136 781; x_wconf 85' lang='lat' dir='ltr'><strong>est,</strong></span> <span class='ocrx_word' id='word_1_70' title='bbox 1164 732 1208 770; x_wconf 88' lang='lat' dir='ltr'><strong>in</strong></span> <span class='ocrx_word' id='word_1_71' title='bbox 1231 746 1407 784; x_wconf 87' lang='lat' dir='ltr'><strong>purpura</strong></span> <span class='ocrx_word' id='word_1_72' title='bbox 1427 731 1508 770; x_wconf 90' lang='lat' dir='ltr'><strong>nati</strong></span> <span class='ocrx_word' id='word_1_73' title='bbox 1525 731 1626 780; x_wconf 84' lang='lat' dir='ltr'><strong>filia,</strong></span> <span class='ocrx_word' id='word_1_74' title='bbox 1655 731 1698 768; x_wconf 87' lang='lat' dir='ltr'><strong>in</strong></span> 
     </span>
     <span class='ocr_line' id='line_1_10' title="bbox 274 797 1698 852; baseline -0.003 -14"><span class='ocrx_word' id='word_1_75' title='bbox 274 814 451 852; x_wconf 86' lang='lat' dir='ltr'><strong>purpura</strong></span> <span class='ocrx_word' id='word_1_76' title='bbox 479 805 589 848; x_wconf 86' lang='lat' dir='ltr'><strong>nata,</strong></span> <span class='ocrx_word' id='word_1_77' title='bbox 619 798 794 849; x_wconf 85' lang='lat' dir='ltr'><strong>gentibus</strong></span> <span class='ocrx_word' id='word_1_78' title='bbox 823 797 1050 847; x_wconf 83' lang='lat' dir='ltr'><strong>misceatur3</strong></span> <span class='ocrx_word' id='word_1_79' title='bbox 1077 799 1216 837; x_wconf 80' lang='lat' dir='ltr'><strong>&#39;verum</strong></span> <span class='ocrx_word' id='word_1_80' title='bbox 1236 799 1325 850; x_wconf 86' lang='lat' dir='ltr'><strong>quia</strong></span> <span class='ocrx_word' id='word_1_81' title='bbox 1343 805 1423 837; x_wconf 89' lang='lat' dir='ltr'><strong>tam</strong></span> <span class='ocrx_word' id='word_1_82' title='bbox 1445 797 1698 836; x_wconf 86' lang='lat' dir='ltr'><strong>excellentem</strong></span> 
     </span>
     <span class='ocr_line' id='line_1_11' title="bbox 239 864 1698 917; baseline -0.002 -13"><span class='ocrx_word' id='word_1_83' title='bbox 239 874 358 907; x_wconf 90' lang='lat' dir='ltr'><strong>Brem</strong></span> <span class='ocrx_word' id='word_1_84' title='bbox 379 866 531 917; x_wconf 89' lang='lat' dir='ltr'><strong>petitis,</strong></span> <span class='ocrx_word' id='word_1_85' title='bbox 559 866 593 903; x_wconf 90' lang='lat' dir='ltr'><strong>si</strong></span> <span class='ocrx_word' id='word_1_86' title='bbox 623 865 721 903; x_wconf 87' lang='lat' dir='ltr'><strong>datis</strong></span> <span class='ocrx_word' id='word_1_87' title='bbox 749 864 855 916; x_wconf 86' lang='lat' dir='ltr'><strong>quod</strong></span> <span class='ocrx_word' id='word_1_88' title='bbox 879 864 1008 913; x_wconf 84' lang='lat' dir='ltr'><strong>decet,</strong></span> <span class='ocrx_word' id='word_1_89' title='bbox 1036 864 1232 915; x_wconf 84' lang='lat' dir='ltr'><strong>accipietis</strong></span> <span class='ocrx_word' id='word_1_90' title='bbox 1258 866 1363 916; x_wconf 90' lang='lat' dir='ltr'><strong>quod</strong></span> <span class='ocrx_word' id='word_1_91' title='bbox 1388 865 1486 903; x_wconf 90' lang='lat' dir='ltr'><strong>libet</strong></span> <span class='ocrx_word' id='word_1_92' title='bbox 1496 878 1508 914; x_wconf 84' lang='lat'>3</span> <span class='ocrx_word' id='word_1_93' title='bbox 1536 865 1698 902; x_wconf 81' lang='lat' dir='ltr'><strong>Raven—</strong></span> 
     </span>
     <span class='ocr_line' id='line_1_12' title="bbox 273 929 1697 980; baseline -0.003 -10"><span class='ocrx_word' id='word_1_94' title='bbox 273 947 363 970; x_wconf 87' lang='lat' dir='ltr'><strong>nam</strong></span> <span class='ocrx_word' id='word_1_95' title='bbox 395 932 565 979; x_wconf 79' lang='lat' dir='ltr'><strong>scilicet‚</strong></span> <span class='ocrx_word' id='word_1_96' title='bbox 594 938 631 970; x_wconf 88' lang='lat' dir='ltr'><strong>et</strong></span> <span class='ocrx_word' id='word_1_97' title='bbox 648 933 809 970; x_wconf 85' lang='lat' dir='ltr'><strong>Romam</strong></span> <span class='ocrx_word' id='word_1_98' title='bbox 840 944 929 968; x_wconf 91' lang='lat' dir='ltr'><strong>cum</strong></span> <span class='ocrx_word' id='word_1_99' title='bbox 956 931 1017 968; x_wconf 87' lang='lat' dir='ltr'><strong>his</strong></span> <span class='ocrx_word' id='word_1_100' title='bbox 1041 931 1216 968; x_wconf 88' lang='lat' dir='ltr'><strong>omnibus</strong></span> <span class='ocrx_word' id='word_1_101' title='bbox 1244 930 1500 979; x_wconf 88' lang='lat' dir='ltr'><strong>continuatis,</strong></span> <span class='ocrx_word' id='word_1_102' title='bbox 1530 942 1629 980; x_wconf 88' lang='lat' dir='ltr'><strong>quae</strong></span> <span class='ocrx_word' id='word_1_103' title='bbox 1648 929 1697 966; x_wconf 88' lang='lat' dir='ltr'><strong>ab</strong></span> 
     </span>
     <span class='ocr_line' id='line_1_13' title="bbox 272 990 1742 1049; baseline -0.002 -12"><span class='ocrx_word' id='word_1_104' title='bbox 272 999 335 1037; x_wconf 85' lang='lat' dir='ltr'><strong>his</strong></span> <span class='ocrx_word' id='word_1_105' title='bbox 363 1005 454 1036; x_wconf 89' lang='lat' dir='ltr'><strong>sunt</strong></span> <span class='ocrx_word' id='word_1_106' title='bbox 480 1011 602 1048; x_wconf 89' lang='lat' dir='ltr'><strong>usque</strong></span> <span class='ocrx_word' id='word_1_107' title='bbox 628 998 676 1035; x_wconf 93' lang='lat' dir='ltr'><strong>ad</strong></span> <span class='ocrx_word' id='word_1_108' title='bbox 701 1011 785 1036; x_wconf 91' lang='lat' dir='ltr'><strong>nos.</strong></span> <span class='ocrx_word' id='word_1_109' title='bbox 844 997 884 1034; x_wconf 93' lang='lat' dir='ltr'><strong>Si</strong></span> <span class='ocrx_word' id='word_1_110' title='bbox 906 1010 1001 1035; x_wconf 88' lang='lat' dir='ltr'><strong>vero</strong></span> <span class='ocrx_word' id='word_1_111' title='bbox 1022 997 1230 1035; x_wconf 88' lang='lat' dir='ltr'><strong>amicitiam</strong></span> <span class='ocrx_word' id='word_1_112' title='bbox 1250 990 1392 1049; x_wconf 86' lang='lat' dir='ltr'><strong>absque</strong></span> <span class='ocrx_word' id='word_1_113' title='bbox 1411 997 1608 1049; x_wconf 86' lang='lat' dir='ltr'><strong>parentela</strong></span> <span class='ocrx_word' id='word_1_114' title='bbox 1629 996 1698 1035; x_wconf 88' lang='lat' dir='ltr'><strong>de-</strong></span> <span class='ocrx_word' id='word_1_115' title='bbox 1739 991 1742 993; x_wconf 38' lang='lat'>⁵</span> 
     </span>
     <span class='ocr_line' id='line_1_14' title="bbox 273 1063 1698 1116; baseline -0.001 -13"><span class='ocrx_word' id='word_1_116' title='bbox 273 1064 468 1114; x_wconf 87' lang='lat' dir='ltr'><strong>sideratis,</strong></span> <span class='ocrx_word' id='word_1_117' title='bbox 497 1066 656 1103; x_wconf 86' lang='lat' dir='ltr'><strong>Romam</strong></span> <span class='ocrx_word' id='word_1_118' title='bbox 684 1064 846 1102; x_wconf 85' lang='lat' dir='ltr'><strong>liberam</strong></span> <span class='ocrx_word' id='word_1_119' title='bbox 873 1077 954 1101; x_wconf 91' lang='lat' dir='ltr'><strong>esse</strong></span> <span class='ocrx_word' id='word_1_120' title='bbox 973 1064 1159 1102; x_wconf 89' lang='lat' dir='ltr'><strong>Dominus</strong></span> <span class='ocrx_word' id='word_1_121' title='bbox 1178 1069 1272 1102; x_wconf 89' lang='lat' dir='ltr'><strong>tuus</strong></span> <span class='ocrx_word' id='word_1_122' title='bbox 1297 1064 1513 1116; x_wconf 87' lang='lat' dir='ltr'><strong>permittat:</strong></span> <span class='ocrx_word' id='word_1_123' title='bbox 1542 1063 1698 1103; x_wconf 83' lang='lat' dir='ltr'><strong>Princi-</strong></span> 
     </span>
     <span class='ocr_line' id='line_1_15' title="bbox 271 1130 1697 1183; baseline 0.001 -15"><span class='ocrx_word' id='word_1_124' title='bbox 271 1144 340 1182; x_wconf 89' lang='lat' dir='ltr'><strong>pes</strong></span> <span class='ocrx_word' id='word_1_125' title='bbox 372 1137 519 1179; x_wconf 84' lang='lat' dir='ltr'><strong>autem,</strong></span> <span class='ocrx_word' id='word_1_126' title='bbox 551 1132 776 1183; x_wconf 86' lang='lat' dir='ltr'><strong>Capuanum</strong></span> <span class='ocrx_word' id='word_1_127' title='bbox 803 1130 971 1179; x_wconf 88' lang='lat' dir='ltr'><strong>scilicet,</strong></span> <span class='ocrx_word' id='word_1_128' title='bbox 1010 1136 1049 1168; x_wconf 89' lang='lat' dir='ltr'><strong>et</strong></span> <span class='ocrx_word' id='word_1_129' title='bbox 1075 1130 1387 1168; x_wconf 85' lang='lat' dir='ltr'><strong>Beneventanum</strong></span> <span class='ocrx_word' id='word_1_130' title='bbox 1415 1130 1547 1168; x_wconf 86' lang='lat' dir='ltr'><strong>Sancti</strong></span> <span class='ocrx_word' id='word_1_131' title='bbox 1569 1132 1697 1170; x_wconf 85' lang='lat' dir='ltr'><strong>nostri</strong></span> 
     </span>
     <span class='ocr_line' id='line_1_16' title="bbox 271 1197 1695 1249; baseline 0 -14"><span class='ocrx_word' id='word_1_132' title='bbox 271 1197 429 1248; x_wconf 86' lang='lat' dir='ltr'><strong>Imperii</strong></span> <span class='ocrx_word' id='word_1_133' title='bbox 457 1198 550 1235; x_wconf 90' lang='lat' dir='ltr'><strong>olim</strong></span> <span class='ocrx_word' id='word_1_134' title='bbox 589 1211 745 1246; x_wconf 87' lang='lat' dir='ltr'><strong>servos,</strong></span> <span class='ocrx_word' id='word_1_135' title='bbox 782 1211 888 1235; x_wconf 89' lang='lat' dir='ltr'><strong>nunc</strong></span> <span class='ocrx_word' id='word_1_136' title='bbox 917 1197 1097 1246; x_wconf 89' lang='lat' dir='ltr'><strong>rebelles,</strong></span> <span class='ocrx_word' id='word_1_137' title='bbox 1133 1197 1311 1235; x_wconf 85' lang='lat' dir='ltr'><strong>servituti</strong></span> <span class='ocrx_word' id='word_1_138' title='bbox 1337 1197 1524 1249; x_wconf 86' lang='lat' dir='ltr'><strong>pristinae</strong></span> <span class='ocrx_word' id='word_1_139' title='bbox 1553 1198 1695 1239; x_wconf 86' lang='lat' dir='ltr'><strong>tradat.</strong></span> 
     </span>
     <span class='ocr_line' id='line_1_17' title="bbox 273 1263 1695 1315; baseline 0.001 -14"><span class='ocrx_word' id='word_1_140' title='bbox 273 1263 445 1312; x_wconf 86' lang='lat' dir='ltr'><strong>Quibus,</strong></span> <span class='ocrx_word' id='word_1_141' title='bbox 475 1264 685 1301; x_wconf 87' lang='lat' dir='ltr'><strong>Dominum</strong></span> <span class='ocrx_word' id='word_1_142' title='bbox 705 1277 853 1313; x_wconf 89' lang='lat' dir='ltr'><strong>meum,</strong></span> <span class='ocrx_word' id='word_1_143' title='bbox 882 1264 1063 1315; x_wconf 89' lang='lat' dir='ltr'><strong>inquam,</strong></span> <span class='ocrx_word' id='word_1_144' title='bbox 1092 1264 1330 1315; x_wconf 88' lang='lat' dir='ltr'><strong>potentiores</strong></span> <span class='ocrx_word' id='word_1_145' title='bbox 1349 1263 1491 1303; x_wconf 89' lang='lat' dir='ltr'><strong>habere</strong></span> <span class='ocrx_word' id='word_1_146' title='bbox 1508 1263 1695 1303; x_wconf 86' lang='lat' dir='ltr'><strong>Schlavos</strong></span> 
     </span>
     <span class='ocr_line' id='line_1_18' title="bbox 274 1329 1718 1381; baseline 0 -14"><span class='ocrx_word' id='word_1_147' title='bbox 274 1331 389 1368; x_wconf 87' lang='lat' dir='ltr'><strong>Petro</strong></span> <span class='ocrx_word' id='word_1_148' title='bbox 418 1330 674 1380; x_wconf 84' lang='lat' dir='ltr'><strong>Bulgarorum</strong></span> <span class='ocrx_word' id='word_1_149' title='bbox 701 1331 820 1381; x_wconf 86' lang='lat' dir='ltr'><strong>Rege,</strong></span> <span class='ocrx_word' id='word_1_150' title='bbox 851 1330 917 1380; x_wconf 91' lang='lat' dir='ltr'><strong>qui</strong></span> <span class='ocrx_word' id='word_1_151' title='bbox 940 1329 1208 1381; x_wconf 88' lang='lat' dir='ltr'><strong>Christophori</strong></span> <span class='ocrx_word' id='word_1_152' title='bbox 1234 1330 1476 1380; x_wconf 88' lang='lat' dir='ltr'><strong>Imperatoris</strong></span> <span class='ocrx_word' id='word_1_153' title='bbox 1505 1329 1625 1367; x_wconf 88' lang='lat' dir='ltr'><strong>filiam</strong></span> <span class='ocrx_word' id='word_1_154' title='bbox 1649 1329 1694 1367; x_wconf 88' lang='lat' dir='ltr'><strong>in</strong></span> <span class='ocrx_word' id='word_1_155' title='bbox 1715 1347 1718 1349; x_wconf 97' lang='lat'>·</span> 
     </span>
     <span class='ocr_line' id='line_1_19' title="bbox 271 1395 1692 1447; baseline 0 -14"><span class='ocrx_word' id='word_1_156' title='bbox 271 1396 491 1446; x_wconf 81' lang='lat' dir='ltr'><strong>coniugium</strong></span> <span class='ocrx_word' id='word_1_157' title='bbox 504 1397 618 1433; x_wconf 78' lang='lat' dir='ltr'><strong>duxit</strong></span> <span class='ocrx_word' id='word_1_158' title='bbox 632 1396 744 1433; x_wconf 89' lang='lat' dir='ltr'><strong>etiam</strong></span> <span class='ocrx_word' id='word_1_159' title='bbox 755 1396 830 1446; x_wconf 91' lang='lat' dir='ltr'><strong>ipsi</strong></span> <span class='ocrx_word' id='word_1_160' title='bbox 839 1409 919 1433; x_wconf 93' lang='lat' dir='ltr'><strong>non</strong></span> <span class='ocrx_word' id='word_1_161' title='bbox 933 1396 1130 1445; x_wconf 80' lang='lat' dir='ltr'><strong>ignoratis,</strong></span> <span class='ocrx_word' id='word_1_162' title='bbox 1160 1395 1236 1433; x_wconf 90' lang='lat' dir='ltr'><strong>Sed</strong></span> <span class='ocrx_word' id='word_1_163' title='bbox 1246 1395 1559 1447; x_wconf 86' lang='lat' dir='ltr'><strong>Christophorus,</strong></span> <span class='ocrx_word' id='word_1_164' title='bbox 1570 1395 1692 1445; x_wconf 87' lang='lat' dir='ltr'><strong>aiunt,</strong></span> 
     </span>
     <span class='ocr_line' id='line_1_20' title="bbox 268 1459 1693 1513; baseline -0.001 -13"><span class='ocrx_word' id='word_1_165' title='bbox 268 1476 350 1500; x_wconf 89' lang='lat' dir='ltr'><strong>non</strong></span> <span class='ocrx_word' id='word_1_166' title='bbox 369 1462 727 1513; x_wconf 83' lang='lat' dir='ltr'><strong>Porphyrogenitus</strong></span> <span class='ocrx_word' id='word_1_167' title='bbox 747 1462 831 1499; x_wconf 89' lang='lat' dir='ltr'><strong>fuit.</strong></span> <span class='ocrx_word' id='word_1_168' title='bbox 889 1462 1010 1499; x_wconf 84' lang='lat' dir='ltr'><strong>Roma</strong></span> <span class='ocrx_word' id='word_1_169' title='bbox 1026 1474 1137 1510; x_wconf 85' lang='lat' dir='ltr'><strong>vero,</strong></span> <span class='ocrx_word' id='word_1_170' title='bbox 1164 1461 1345 1512; x_wconf 88' lang='lat' dir='ltr'><strong>inquam,</strong></span> <span class='ocrx_word' id='word_1_171' title='bbox 1376 1475 1491 1513; x_wconf 87' lang='lat' dir='ltr'><strong>quam</strong></span> <span class='ocrx_word' id='word_1_172' title='bbox 1507 1459 1576 1501; x_wconf 73' lang='lat' dir='ltr'><strong>¹vos</strong></span> <span class='ocrx_word' id='word_1_173' title='bbox 1591 1461 1693 1499; x_wconf 90' lang='lat' dir='ltr'><strong>libe-</strong></span> 
     </span>
     <span class='ocr_line' id='line_1_21' title="bbox 267 1527 1692 1580; baseline -0.001 -13"><span class='ocrx_word' id='word_1_174' title='bbox 267 1543 350 1567; x_wconf 90' lang='lat' dir='ltr'><strong>ram</strong></span> <span class='ocrx_word' id='word_1_175' title='bbox 388 1542 466 1567; x_wconf 92' lang='lat' dir='ltr'><strong>esse</strong></span> <span class='ocrx_word' id='word_1_176' title='bbox 501 1528 602 1567; x_wconf 89' lang='lat' dir='ltr'><strong>velle</strong></span> <span class='ocrx_word' id='word_1_177' title='bbox 636 1527 877 1579; x_wconf 88' lang='lat' dir='ltr'><strong>perstrepitis</strong></span> <span class='ocrx_word' id='word_1_178' title='bbox 908 1527 971 1565; x_wconf 84' lang='lat' dir='ltr'><strong>cui</strong></span> <span class='ocrx_word' id='word_1_179' title='bbox 1003 1527 1152 1566; x_wconf 75' lang='lat' dir='ltr'><strong>servit?</strong></span> <span class='ocrx_word' id='word_1_180' title='bbox 1197 1528 1263 1565; x_wconf 88' lang='lat' dir='ltr'><strong>cui</strong></span> <span class='ocrx_word' id='word_1_181' title='bbox 1293 1528 1439 1566; x_wconf 88' lang='lat' dir='ltr'><strong>tributa</strong></span> <span class='ocrx_word' id='word_1_182' title='bbox 1467 1528 1692 1580; x_wconf 72' lang='lat' dir='ltr'><strong>persolvit?</strong></span> 
     </span>
     <span class='ocr_line' id='line_1_22' title="bbox 230 1593 1691 1646; baseline -0.001 -11"><span class='ocrx_word' id='word_1_183' title='bbox 230 1596 406 1636; x_wconf 87' lang='lat' dir='ltr'><strong>CNonne</strong></span> <span class='ocrx_word' id='word_1_184' title='bbox 433 1595 543 1646; x_wconf 85' lang='lat' dir='ltr'><strong>prius</strong></span> <span class='ocrx_word' id='word_1_185' title='bbox 564 1594 832 1632; x_wconf 77' lang='lat' dir='ltr'><strong>meretricibus</strong></span> <span class='ocrx_word' id='word_1_186' title='bbox 852 1593 1071 1631; x_wconf 76' lang='lat' dir='ltr'><strong>serviebat?</strong></span> <span class='ocrx_word' id='word_1_187' title='bbox 1100 1599 1140 1631; x_wconf 88' lang='lat' dir='ltr'><strong>et</strong></span> <span class='ocrx_word' id='word_1_188' title='bbox 1157 1595 1268 1633; x_wconf 82' lang='lat' dir='ltr'><strong>vobis</strong></span> <span class='ocrx_word' id='word_1_189' title='bbox 1287 1595 1585 1644; x_wconf 82' lang='lat' dir='ltr'><strong>dormientibus,</strong></span> <span class='ocrx_word' id='word_1_190' title='bbox 1611 1594 1691 1633; x_wconf 88' lang='lat' dir='ltr'><strong>im-</strong></span> 
     </span>
     <span class='ocr_line' id='line_1_23' title="bbox 265 1660 1690 1714; baseline -0.001 -14"><span class='ocrx_word' id='word_1_191' title='bbox 265 1676 330 1700; x_wconf 90' lang='lat' dir='ltr'><strong>mo</strong></span> <span class='ocrx_word' id='word_1_192' title='bbox 364 1675 446 1699; x_wconf 89' lang='lat' dir='ltr'><strong>non</strong></span> <span class='ocrx_word' id='word_1_193' title='bbox 473 1661 713 1710; x_wconf 86' lang='lat' dir='ltr'><strong>valentibus,</strong></span> <span class='ocrx_word' id='word_1_194' title='bbox 750 1660 937 1698; x_wconf 89' lang='lat' dir='ltr'><strong>Dominus</strong></span> <span class='ocrx_word' id='word_1_195' title='bbox 966 1673 1075 1698; x_wconf 88' lang='lat' dir='ltr'><strong>meus</strong></span> <span class='ocrx_word' id='word_1_196' title='bbox 1102 1660 1316 1712; x_wconf 88' lang='lat' dir='ltr'><strong>Imperator</strong></span> <span class='ocrx_word' id='word_1_197' title='bbox 1343 1661 1538 1714; x_wconf 82' lang='lat' dir='ltr'><strong>Augustus</strong></span> <span class='ocrx_word' id='word_1_198' title='bbox 1561 1674 1584 1699; x_wconf 84' lang='lat' dir='ltr'><strong>a</strong></span> <span class='ocrx_word' id='word_1_199' title='bbox 1608 1666 1690 1699; x_wconf 83' lang='lat' dir='ltr'><strong>tam</strong></span> 
     </span>
     <span class='ocr_line' id='line_1_24' title="bbox 264 1726 1690 1779; baseline 0 -13"><span class='ocrx_word' id='word_1_200' title='bbox 264 1728 374 1779; x_wconf 88' lang='lat' dir='ltr'><strong>turpi</strong></span> <span class='ocrx_word' id='word_1_201' title='bbox 394 1728 584 1766; x_wconf 86' lang='lat' dir='ltr'><strong>servitute</strong></span> <span class='ocrx_word' id='word_1_202' title='bbox 606 1726 818 1764; x_wconf 75' lang='lat' dir='ltr'><strong>liberavit?</strong></span> <span class='ocrx_word' id='word_1_203' title='bbox 848 1727 1122 1765; x_wconf 86' lang='lat' dir='ltr'><strong>Constantinus</strong></span> <span class='ocrx_word' id='word_1_204' title='bbox 1140 1728 1354 1779; x_wconf 88' lang='lat' dir='ltr'><strong>Imperator</strong></span> <span class='ocrx_word' id='word_1_205' title='bbox 1374 1727 1565 1778; x_wconf 84' lang='lat' dir='ltr'><strong>Augustus</strong></span> <span class='ocrx_word' id='word_1_206' title='bbox 1578 1756 1591 1778; x_wconf 93' lang='lat'><strong>,</strong></span> <span class='ocrx_word' id='word_1_207' title='bbox 1618 1727 1690 1778; x_wconf 81' lang='lat' dir='ltr'><strong>qui</strong></span> 
     </span>
     <span class='ocr_line' id='line_1_25' title="bbox 264 1792 1690 1846; baseline 0.001 -16"><span class='ocrx_word' id='word_1_208' title='bbox 264 1793 368 1831; x_wconf 88' lang='lat' dir='ltr'><strong>hanc</strong></span> <span class='ocrx_word' id='word_1_209' title='bbox 391 1807 440 1832; x_wconf 84' lang='lat' dir='ltr'><strong>ex</strong></span> <span class='ocrx_word' id='word_1_210' title='bbox 461 1807 532 1831; x_wconf 89' lang='lat' dir='ltr'><strong>suo</strong></span> <span class='ocrx_word' id='word_1_211' title='bbox 550 1792 711 1830; x_wconf 86' lang='lat' dir='ltr'><strong>nomine</strong></span> <span class='ocrx_word' id='word_1_212' title='bbox 729 1793 907 1831; x_wconf 86' lang='lat' dir='ltr'><strong>condidit</strong></span> <span class='ocrx_word' id='word_1_213' title='bbox 926 1794 1141 1844; x_wconf 89' lang='lat' dir='ltr'><strong>civitatem,</strong></span> <span class='ocrx_word' id='word_1_214' title='bbox 1171 1795 1331 1832; x_wconf 89' lang='lat' dir='ltr'><strong>Sanctae</strong></span> <span class='ocrx_word' id='word_1_215' title='bbox 1347 1795 1591 1846; x_wconf 83' lang='lat' dir='ltr'><strong>Apostolicae</strong></span> <span class='ocrx_word' id='word_1_216' title='bbox 1605 1795 1690 1832; x_wconf 80' lang='lat' dir='ltr'><strong>Ro-</strong></span> 
     </span>
     <span class='ocr_line' id='line_1_26' title="bbox 265 1859 1689 1911; baseline 0.002 -15"><span class='ocrx_word' id='word_1_217' title='bbox 265 1872 399 1897; x_wconf 89' lang='lat' dir='ltr'><strong>manae</strong></span> <span class='ocrx_word' id='word_1_218' title='bbox 427 1859 646 1908; x_wconf 86' lang='lat' dir='ltr'><strong>Ecclesiae,</strong></span> <span class='ocrx_word' id='word_1_219' title='bbox 675 1866 721 1897; x_wconf 92' lang='lat' dir='ltr'><strong>ut</strong></span> <span class='ocrx_word' id='word_1_220' title='bbox 750 1866 831 1897; x_wconf 90' lang='lat' dir='ltr'><strong>erat</strong></span> <span class='ocrx_word' id='word_1_221' title='bbox 860 1861 1157 1911; x_wconf 89' lang='lat' dir='ltr'><strong>Kosmocrator,</strong></span> <span class='ocrx_word' id='word_1_222' title='bbox 1193 1862 1314 1899; x_wconf 89' lang='lat' dir='ltr'><strong>multa</strong></span> <span class='ocrx_word' id='word_1_223' title='bbox 1341 1861 1499 1900; x_wconf 88' lang='lat' dir='ltr'><strong>donaria</strong></span> <span class='ocrx_word' id='word_1_224' title='bbox 1522 1860 1689 1899; x_wconf 73' lang='lat' dir='ltr'><strong>eontulit</strong></span> 
     </span>
     <span class='ocr_line' id='line_1_27' title="bbox 262 1925 1686 1979; baseline 0.001 -17"><span class='ocrx_word' id='word_1_225' title='bbox 262 1939 343 1963; x_wconf 92' lang='lat' dir='ltr'><strong>non</strong></span> <span class='ocrx_word' id='word_1_226' title='bbox 370 1926 412 1963; x_wconf 90' lang='lat' dir='ltr'><strong>in</strong></span> <span class='ocrx_word' id='word_1_227' title='bbox 434 1926 546 1963; x_wconf 86' lang='lat' dir='ltr'><strong>Italia</strong></span> <span class='ocrx_word' id='word_1_228' title='bbox 571 1925 716 1975; x_wconf 80' lang='lat' dir='ltr'><strong>solum,</strong></span> <span class='ocrx_word' id='word_1_229' title='bbox 744 1926 813 1964; x_wconf 86' lang='lat' dir='ltr'><strong>sed</strong></span> <span class='ocrx_word' id='word_1_230' title='bbox 831 1926 873 1963; x_wconf 90' lang='lat' dir='ltr'><strong>in</strong></span> <span class='ocrx_word' id='word_1_231' title='bbox 896 1928 1071 1965; x_wconf 83' lang='lat' dir='ltr'><strong>omnibus</strong></span> <span class='ocrx_word' id='word_1_232' title='bbox 1089 1941 1187 1979; x_wconf 91' lang='lat' dir='ltr'><strong>pene</strong></span> <span class='ocrx_word' id='word_1_233' title='bbox 1203 1928 1515 1966; x_wconf 83' lang='lat' dir='ltr'><strong>occidentalibus</strong></span> <span class='ocrx_word' id='word_1_234' title='bbox 1534 1926 1686 1977; x_wconf 85' lang='lat' dir='ltr'><strong>Regnis,</strong></span> 
     </span>
     <span class='ocr_line' id='line_1_28' title="bbox 263 1985 1687 2044; baseline 0.001 -16"><span class='ocrx_word' id='word_1_235' title='bbox 263 1985 341 2028; x_wconf 77' lang='lat' dir='ltr'><strong>nec¹</strong></span> <span class='ocrx_word' id='word_1_236' title='bbox 366 2006 448 2030; x_wconf 90' lang='lat' dir='ltr'><strong>non</strong></span> <span class='ocrx_word' id='word_1_237' title='bbox 472 1993 519 2029; x_wconf 86' lang='lat' dir='ltr'><strong>de</strong></span> <span class='ocrx_word' id='word_1_238' title='bbox 539 1992 798 2030; x_wconf 87' lang='lat' dir='ltr'><strong>Orientalibus</strong></span> <span class='ocrx_word' id='word_1_239' title='bbox 828 2000 941 2044; x_wconf 85' lang='lat' dir='ltr'><strong>atque</strong></span> <span class='ocrx_word' id='word_1_240' title='bbox 967 1994 1210 2044; x_wconf 82' lang='lat' dir='ltr'><strong>Meridianis,</strong></span> <span class='ocrx_word' id='word_1_241' title='bbox 1241 1994 1402 2032; x_wconf 79' lang='lat' dir='ltr'><strong>Graecia</strong></span> <span class='ocrx_word' id='word_1_242' title='bbox 1421 1994 1591 2042; x_wconf 86' lang='lat' dir='ltr'><strong>scilicet,</strong></span> <span class='ocrx_word' id='word_1_243' title='bbox 1618 1993 1687 2030; x_wconf 92' lang='lat' dir='ltr'><strong>Iu-</strong></span> 
     </span>
     <span class='ocr_line' id='line_1_29' title="bbox 265 2057 1687 2111; baseline 0 -17"><span class='ocrx_word' id='word_1_244' title='bbox 265 2057 358 2105; x_wconf 86' lang='lat' dir='ltr'><strong>dea,</strong></span> <span class='ocrx_word' id='word_1_245' title='bbox 398 2058 570 2106; x_wconf 88' lang='lat' dir='ltr'><strong>Perside,</strong></span> <span class='ocrx_word' id='word_1_246' title='bbox 612 2059 911 2109; x_wconf 88' lang='lat' dir='ltr'><strong>Mesopotamia,</strong></span> <span class='ocrx_word' id='word_1_247' title='bbox 950 2060 1188 2111; x_wconf 81' lang='lat' dir='ltr'><strong>Babylonia,</strong></span> <span class='ocrx_word' id='word_1_248' title='bbox 1233 2059 1428 2111; x_wconf 81' lang='lat' dir='ltr'><strong>Aegypto,</strong></span> <span class='ocrx_word' id='word_1_249' title='bbox 1463 2058 1606 2109; x_wconf 84' lang='lat' dir='ltr'><strong>Libya,</strong></span> <span class='ocrx_word' id='word_1_250' title='bbox 1641 2063 1687 2095; x_wconf 87' lang='lat' dir='ltr'><strong>ut</strong></span> 
     </span>
     <span class='ocr_line' id='line_1_30' title="bbox 265 2123 1686 2177; baseline 0.002 -18"><span class='ocrx_word' id='word_1_251' title='bbox 265 2123 388 2174; x_wconf 86' lang='lat' dir='ltr'><strong>ipsius</strong></span> <span class='ocrx_word' id='word_1_252' title='bbox 409 2130 600 2162; x_wconf 87' lang='lat' dir='ltr'><strong>testantur</strong></span> <span class='ocrx_word' id='word_1_253' title='bbox 618 2125 842 2176; x_wconf 83' lang='lat' dir='ltr'><strong>privilegia,</strong></span> <span class='ocrx_word' id='word_1_254' title='bbox 878 2140 975 2177; x_wconf 77' lang='lat' dir='ltr'><strong>quae</strong></span> <span class='ocrx_word' id='word_1_255' title='bbox 992 2139 1111 2177; x_wconf 89' lang='lat' dir='ltr'><strong>penes</strong></span> <span class='ocrx_word' id='word_1_256' title='bbox 1128 2139 1197 2163; x_wconf 91' lang='lat' dir='ltr'><strong>nos</strong></span> <span class='ocrx_word' id='word_1_257' title='bbox 1218 2131 1321 2163; x_wconf 89' lang='lat' dir='ltr'><strong>sunt.</strong></span> <span class='ocrx_word' id='word_1_258' title='bbox 1378 2126 1476 2163; x_wconf 87' lang='lat' dir='ltr'><strong>Sane</strong></span> <span class='ocrx_word' id='word_1_259' title='bbox 1496 2124 1686 2176; x_wconf 82' lang='lat' dir='ltr'><strong>quidquid</strong></span> 
     </span>
     <span class='ocr_line' id='line_1_31' title="bbox 266 2189 1685 2242; baseline 0.002 -17"><span class='ocrx_word' id='word_1_260' title='bbox 266 2190 309 2225; x_wconf 88' lang='lat' dir='ltr'><strong>in</strong></span> <span class='ocrx_word' id='word_1_261' title='bbox 327 2189 461 2237; x_wconf 86' lang='lat' dir='ltr'><strong>Italia,</strong></span> <span class='ocrx_word' id='word_1_262' title='bbox 491 2190 558 2226; x_wconf 88' lang='lat' dir='ltr'><strong>sed</strong></span> <span class='ocrx_word' id='word_1_263' title='bbox 575 2191 616 2228; x_wconf 91' lang='lat' dir='ltr'><strong>in</strong></span> <span class='ocrx_word' id='word_1_264' title='bbox 636 2192 826 2242; x_wconf 80' lang='lat' dir='ltr'><strong>saxonia,</strong></span> <span class='ocrx_word' id='word_1_265' title='bbox 855 2192 1028 2230; x_wconf 86' lang='lat' dir='ltr'><strong>Baioaria</strong></span> <span class='ocrx_word' id='word_1_266' title='bbox 1040 2222 1051 2241; x_wconf 91' lang='lat'>‚</span> <span class='ocrx_word' id='word_1_267' title='bbox 1081 2191 1254 2229; x_wconf 88' lang='lat' dir='ltr'><strong>omnibus</strong></span> <span class='ocrx_word' id='word_1_268' title='bbox 1277 2191 1432 2229; x_wconf 82' lang='lat' dir='ltr'><strong>Domini</strong></span> <span class='ocrx_word' id='word_1_269' title='bbox 1451 2191 1527 2230; x_wconf 87' lang='lat' dir='ltr'><strong>mei</strong></span> <span class='ocrx_word' id='word_1_270' title='bbox 1547 2190 1685 2241; x_wconf 87' lang='lat' dir='ltr'><strong>Regnis</strong></span> 
     </span>
     <span class='ocr_line' id='line_1_32' title="bbox 223 2255 1684 2309; baseline -0.001 -14"><span class='ocrx_word' id='word_1_271' title='bbox 223 2261 343 2304; x_wconf 85' lang='lat' dir='ltr'><strong>Dest,</strong></span> <span class='ocrx_word' id='word_1_272' title='bbox 380 2255 486 2305; x_wconf 88' lang='lat' dir='ltr'><strong>quod</strong></span> <span class='ocrx_word' id='word_1_273' title='bbox 515 2256 565 2293; x_wconf 86' lang='lat' dir='ltr'><strong>ad</strong></span> <span class='ocrx_word' id='word_1_274' title='bbox 591 2256 868 2307; x_wconf 88' lang='lat' dir='ltr'><strong>Apostolorum</strong></span> <span class='ocrx_word' id='word_1_275' title='bbox 894 2259 1100 2296; x_wconf 84' lang='lat' dir='ltr'><strong>Beatorum</strong></span> <span class='ocrx_word' id='word_1_276' title='bbox 1129 2257 1339 2295; x_wconf 88' lang='lat' dir='ltr'><strong>Ecclesiam</strong></span> <span class='ocrx_word' id='word_1_277' title='bbox 1369 2257 1547 2309; x_wconf 85' lang='lat' dir='ltr'><strong>respicit,</strong></span> <span class='ocrx_word' id='word_1_278' title='bbox 1584 2258 1684 2293; x_wconf 88' lang='lat' dir='ltr'><strong>San-</strong></span> 
     </span>
     <span class='ocr_line' id='line_1_33' title="bbox 265 2321 1684 2373; baseline 0 -14"><span class='ocrx_word' id='word_1_279' title='bbox 265 2321 524 2360; x_wconf 81' lang='lat' dir='ltr'><strong>ctissimorum</strong></span> <span class='ocrx_word' id='word_1_280' title='bbox 549 2321 826 2372; x_wconf 86' lang='lat' dir='ltr'><strong>Apostolorum</strong></span> <span class='ocrx_word' id='word_1_281' title='bbox 846 2325 1001 2363; x_wconf 89' lang='lat' dir='ltr'><strong>Vicario</strong></span> <span class='ocrx_word' id='word_1_282' title='bbox 1029 2323 1207 2362; x_wconf 78' lang='lat' dir='ltr'><strong>contulit.</strong></span> <span class='ocrx_word' id='word_1_283' title='bbox 1260 2324 1311 2361; x_wconf 86' lang='lat' dir='ltr'><strong>Et</strong></span> <span class='ocrx_word' id='word_1_284' title='bbox 1328 2323 1360 2361; x_wconf 92' lang='lat' dir='ltr'><strong>si</strong></span> <span class='ocrx_word' id='word_1_285' title='bbox 1380 2329 1454 2373; x_wconf 87' lang='lat' dir='ltr'><strong>est,</strong></span> <span class='ocrx_word' id='word_1_286' title='bbox 1482 2329 1528 2361; x_wconf 89' lang='lat' dir='ltr'><strong>ut</strong></span> <span class='ocrx_word' id='word_1_287' title='bbox 1548 2322 1684 2361; x_wconf 90' lang='lat' dir='ltr'><strong>Domi·-</strong></span> 
     </span>
     <span class='ocr_line' id='line_1_34' title="bbox 264 2387 1684 2439; baseline -0.001 -13"><span class='ocrx_word' id='word_1_288' title='bbox 264 2402 338 2426; x_wconf 90' lang='lat' dir='ltr'><strong>nus</strong></span> <span class='ocrx_word' id='word_1_289' title='bbox 364 2401 471 2426; x_wconf 88' lang='lat' dir='ltr'><strong>meus</strong></span> <span class='ocrx_word' id='word_1_290' title='bbox 499 2400 548 2425; x_wconf 84' lang='lat' dir='ltr'><strong>ex</strong></span> <span class='ocrx_word' id='word_1_291' title='bbox 576 2387 639 2425; x_wconf 88' lang='lat' dir='ltr'><strong>his</strong></span> <span class='ocrx_word' id='word_1_292' title='bbox 667 2390 846 2428; x_wconf 89' lang='lat' dir='ltr'><strong>omnibus</strong></span> <span class='ocrx_word' id='word_1_293' title='bbox 874 2390 1069 2438; x_wconf 87' lang='lat' dir='ltr'><strong>civitates,</strong></span> <span class='ocrx_word' id='word_1_294' title='bbox 1104 2390 1240 2438; x_wconf 87' lang='lat' dir='ltr'><strong>villas,</strong></span> <span class='ocrx_word' id='word_1_295' title='bbox 1275 2390 1441 2439; x_wconf 84' lang='lat' dir='ltr'><strong>milites,</strong></span> <span class='ocrx_word' id='word_1_296' title='bbox 1473 2394 1539 2427; x_wconf 86' lang='lat' dir='ltr'><strong>aut</strong></span> <span class='ocrx_word' id='word_1_297' title='bbox 1569 2387 1684 2427; x_wconf 87' lang='lat' dir='ltr'><strong>fami-</strong></span> 
     </span>
     <span class='ocr_line' id='line_1_35' title="bbox 261 2454 1683 2507; baseline 0 -16"><span class='ocrx_word' id='word_1_298' title='bbox 261 2455 356 2493; x_wconf 90' lang='lat' dir='ltr'><strong>liam</strong></span> <span class='ocrx_word' id='word_1_299' title='bbox 387 2454 578 2503; x_wconf 82' lang='lat' dir='ltr'><strong>obtineat,</strong></span> <span class='ocrx_word' id='word_1_300' title='bbox 622 2454 746 2492; x_wconf 91' lang='lat' dir='ltr'><strong>Deum</strong></span> <span class='ocrx_word' id='word_1_301' title='bbox 775 2456 925 2506; x_wconf 87' lang='lat' dir='ltr'><strong>negavi.</strong></span> <span class='ocrx_word' id='word_1_302' title='bbox 982 2456 1060 2494; x_wconf 88' lang='lat' dir='ltr'><strong>Cur</strong></span> <span class='ocrx_word' id='word_1_303' title='bbox 1086 2456 1297 2507; x_wconf 89' lang='lat' dir='ltr'><strong>Imperator</strong></span> <span class='ocrx_word' id='word_1_304' title='bbox 1321 2469 1415 2495; x_wconf 81' lang='lat' dir='ltr'><strong>vero</strong></span> <span class='ocrx_word' id='word_1_305' title='bbox 1442 2468 1523 2494; x_wconf 88' lang='lat' dir='ltr'><strong>non</strong></span> <span class='ocrx_word' id='word_1_306' title='bbox 1546 2454 1683 2492; x_wconf 83' lang='lat' dir='ltr'><strong>itidem</strong></span> 
     </span>
     <span class='ocr_line' id='line_1_36' title="bbox 260 2520 1682 2574; baseline -0.001 -16"><span class='ocrx_word' id='word_1_307' title='bbox 260 2521 372 2570; x_wconf 87' lang='lat' dir='ltr'><strong>facit,</strong></span> <span class='ocrx_word' id='word_1_308' title='bbox 407 2528 454 2559; x_wconf 90' lang='lat' dir='ltr'><strong>ut</strong></span> <span class='ocrx_word' id='word_1_309' title='bbox 482 2534 546 2570; x_wconf 88' lang='lat' dir='ltr'><strong>ea,</strong></span> <span class='ocrx_word' id='word_1_310' title='bbox 586 2534 684 2572; x_wconf 86' lang='lat' dir='ltr'><strong>quae</strong></span> <span class='ocrx_word' id='word_1_311' title='bbox 714 2522 794 2559; x_wconf 89' lang='lat' dir='ltr'><strong>suis</strong></span> <span class='ocrx_word' id='word_1_312' title='bbox 827 2522 961 2560; x_wconf 88' lang='lat' dir='ltr'><strong>insunt</strong></span> <span class='ocrx_word' id='word_1_313' title='bbox 991 2522 1153 2572; x_wconf 87' lang='lat' dir='ltr'><strong>Regnis,</strong></span> <span class='ocrx_word' id='word_1_314' title='bbox 1190 2522 1460 2574; x_wconf 90' lang='lat' dir='ltr'><strong>Apostolorum</strong></span> <span class='ocrx_word' id='word_1_315' title='bbox 1491 2520 1682 2559; x_wconf 88' lang='lat' dir='ltr'><strong>Ecclesiae</strong></span> 
     </span>
     <span class='ocr_line' id='line_1_37' title="bbox 259 2586 1679 2640; baseline -0.001 -16"><span class='ocrx_word' id='word_1_316' title='bbox 259 2587 414 2638; x_wconf 86' lang='lat' dir='ltr'><strong>reddat,</strong></span> <span class='ocrx_word' id='word_1_317' title='bbox 445 2593 484 2626; x_wconf 89' lang='lat' dir='ltr'><strong>et</strong></span> <span class='ocrx_word' id='word_1_318' title='bbox 499 2600 572 2640; x_wconf 85' lang='lat' dir='ltr'><strong>per</strong></span> <span class='ocrx_word' id='word_1_319' title='bbox 592 2587 788 2638; x_wconf 88' lang='lat' dir='ltr'><strong>laborem,</strong></span> <span class='ocrx_word' id='word_1_320' title='bbox 819 2594 933 2639; x_wconf 86' lang='lat' dir='ltr'><strong>atque</strong></span> <span class='ocrx_word' id='word_1_321' title='bbox 951 2588 1256 2629; x_wconf 81' lang='lat' dir='ltr'><strong>munificentiam</strong></span> <span class='ocrx_word' id='word_1_322' title='bbox 1273 2587 1425 2629; x_wconf 89' lang='lat' dir='ltr'><strong>Domini</strong></span> <span class='ocrx_word' id='word_1_323' title='bbox 1450 2586 1526 2626; x_wconf 89' lang='lat' dir='ltr'><strong>mei</strong></span> <span class='ocrx_word' id='word_1_324' title='bbox 1549 2587 1679 2635; x_wconf 87' lang='lat' dir='ltr'><strong>ditem,</strong></span> 
     </span>
    </p>
   </div>
   <div class='ocr_carea' id='block_1_3' title="bbox 305 2698 896 2754">
    <p class='ocr_par' dir='ltr' id='par_1_3' title="bbox 305 2698 896 2754">
     <span class='ocr_line' id='line_1_38' title="bbox 305 2698 896 2754; baseline -0.002 -3"><span class='ocrx_word' id='word_1_325' title='bbox 305 2717 359 2752; x_wconf 83' lang='lat'><strong>18.</strong></span> <span class='ocrx_word' id='word_1_326' title='bbox 390 2717 429 2752; x_wconf 89' lang='lat' dir='ltr'><strong>Id</strong></span> <span class='ocrx_word' id='word_1_327' title='bbox 451 2698 505 2752; x_wconf 62' lang='lat' dir='ltr'><strong>&#39;est</strong></span> <span class='ocrx_word' id='word_1_328' title='bbox 530 2717 774 2754; x_wconf 62' lang='lat' dir='ltr'><strong>casemari-us.</strong></span> <span class='ocrx_word' id='word_1_329' title='bbox 798 2718 896 2753; x_wconf 74' lang='lat' dir='ltr'><strong>Gan.</strong></span> 
     </span>
    </p>
   </div>
  </div>
 </body>
</html>
