1768 3034
274 127 370 173 106
766 130 969 176 LEONIS
996 131 1232 177 DlACONI

56 249 91 280 A.
111 248 154 280 M.
172 246 260 282 6478
272 238 468 282 ἀνέκαθεν
488 238 747 288 συντεθείσας
765 238 952 289 σπονδάς.
1001 242 1067 282 καὶ
1083 237 1142 294 μή
1162 257 1204 295 γε
1230 237 1405 294 δόξωμεν
1423 240 1696 298 μεγαλαύχους

99 295 165 326 Ιιιᾱ.
183 293 227 330 13

270 305 423 356 ταύτας
452 307 526 356 τὰς
564 307 787 362 ἀποκρίσεις
816 314 950 350 ποιεῖν.
1007 308 1048 349 ἐν
1074 311 1244 365 Χριστῷ
1272 307 1348 364 γὰρ
1379 310 1612 366 θαρῥοῧμεν
1637 315 1696 352 τῶ

267 373 466 432 ἀθανάτῳ
498 377 611 432 Θεῷ,
650 372 727 427 ὥς,
765 377 799 416 εἰ
822 375 879 428 μὴ
910 378 983 428 τῆς
1003 372 1143 432 χώρας
1172 375 1384 417 ἀπέλθοιτε
1391 407 1406 428 ,
1443 379 1509 418 καὶ
1536 377 1698 426 ἄκοντες

268 442 370 497 παρ’
400 440 515 496 ἡμῶν
544 439 694 495 ταύτης
720 440 1043 495 ἆπελαθήσεσθε.
1091 441 1202 496 οἶμαι
1223 441 1300 498 γάρ
1327 459 1370 485 σε
1399 444 1456 498 μὴ
1487 445 1699 498 λεληθέναι

140 511 179 545 Ρ.
204 511 248 547 65
270 509 316 551 τὸ
337 514 409 551 τοῦ
430 513 504 551 σοῦ
523 516 703 562 πταῖσμα
720 509 1078 566 πατρὸςἼγγορος,
1117 509 1207 552 ὅστε
1226 510 1300 559 τὰς
1319 508 1504 566 ἐνόρκους
1523 512 1732 560 amatoris-5

267 577 380 633 παρὰ
407 580 562 633 φαῦλον
588 576 779 629 θέμενος,
818 576 891 618 σὺν
920 576 1079 635 μεγάλῳ
1107 575 1291 631 κινήματι
1319 579 1386 619 καὶ
1412 580 1571 635 μυρίοις
1598 577 1698 620 σκά-

269 660 361 701 φεσι
380 644 484 685 κατὰ
503 648 574 697 τῆς
598 641 888 699 βασιλευούσης
910 643 1146 697 ἐκπλεύσας,
1183 643 1298 698 μόλις
1317 645 1391 687 σὺν
1420 646 1516 688 δέκα
1537 647 1700 700 λέμβοις

269 713 310 760 ἒς
338 711 409 753 τὸν
438 711 660 767 Κιμμέριον
690 711 852 767 ἀφίκετο
883 710 1120 767 Βόσπορον,
1169 711 1409 767 αὐτάγγελος
1437 718 1517 756 τῶν
1547 715 1698 756 οἰκείων

269 778 438 833 γεγονώς
456 783 689 834 συμφορῶν.
735 781 802 820 καὶ
820 781 989 835 παρίημι
1008 780 1078 821 τὸν
1097 775 1220 828 αὖθις
1238 780 1435 822 οἴκτιστον
1453 780 1582 837 μόρον
1601 782 1698 822 ἐκεί-

268 863 361 897 νου,
400 846 511 901 παρὰ
538 846 632 894 τοὺς
650 846 881 901 Γερμανοὺς
904 845 1265 901 ἐκστρατεύσαντος
1274 879 1288 899 ,
1325 849 1391 888 καὶ
1418 848 1518 903 πρὸς
1545 849 1699 889 ἐκείνων
1711 859 1755 891 10

269 913 516 968 ληφθέντος,
555 915 620 954 καὶ
638 917 775 969 φυτῶν
793 914 985 967 στελέχεσι
1004 915 1318 970 προσδεθέντος,
1357 916 1423 956 καὶ
1442 917 1497 964 εἰς
1516 914 1589 957 δύο
1610 916 1700 956 δια-

268 981 531 1036 μερισθέντος
548 978 750 1034 τμήματα.
797 983 863 1022 καὶ
883 982 927 1022 σὲ
950 986 1047 1036 γοῦν
1066 981 1139 1024 οὐκ
1159 980 1269 1035 οἶμαι
1296 981 1397 1036 πρὸς
1415 982 1488 1036 τὴν
1511 982 1586 1036 σὴν
1601 983 1699 1023 ἔπα-

271 1049 452 1098 ναζεῦξαι
492 1049 691 1104 πατρίδα,
738 1048 778 1089 εἴ
798 1065 839 1103 γε
872 1049 944 1102 τὴν
967 1047 1191 1103 Ῥωμαικὴν
1219 1050 1457 1102 παντευχίαν
1493 1049 1595 1091 κατὰ
1616 1052 1699 1099 ,σοῦ’

233 1122 412 1171 Βχωρεΐν
451 1113 734 1170 ἆναγκάσειας,
782 1116 873 1156 ἀλλ’
908 1115 1055 1158 αὐτόθι
1098 1114 1459 1172 διαφθαρήσεσθαι
1493 1118 1696 1168 πανσυδεὶ,

53 1593 122 1624 Fol-
138 1592 204 1627 301
227 1602 256 1625 v.

272 1180 328 1230 εἷς
360 1183 465 1236 μηδὲ
500 1181 708 1239 πυρφόρον
739 1183 780 1231 ἒς
810 1185 994 1225 Σκυθίαν
1031 1183 1271 1239 ἀφικέσθαι,
1318 1184 1391 1232 τὰς
1421 1182 1755 1238 κατασχούσας-15

269 1247 377 1302 υμᾶς
402 1249 664 1298 ἀπευκταίους
693 1249 991 1305 ἀπαγγελοῦντα
1026 1249 1191 1304 τύχας.”
1247 1249 1268 1292 ὅ
1296 1251 1339 1291 δε
1369 1250 1695 1306 Σφενὸοσλάβος,

270 1317 333 1357 ἐπὶ
348 1323 436 1365 ταῖς
458 1316 662 1365 τοιαύταις
682 1316 912 1373 ἀποκρίσεσι
939 1317 1195 1371 σχετλιάσας,
1233 1322 1284 1373 τῇ
1301 1334 1342 1359 τε
1365 1322 1595 1375 βαρβαρικῇ
1615 1336 1698 1372 μα-

269 1385 335 1442 νία
368 1386 434 1425 καὶ
463 1384 632 1443 ἀπονοία
661 1384 1011 1441 παραφερόμενος,
1050 1385 1225 1434 ἀπέλεξε
1244 1389 1437 1426 τοιαῦτα·
1474 1387 1699 1439 ,,οὖδεμίαν

267 1449 442 1506 ἀνάγκην
458 1451 528 1493 τὸν
547 1450 826 1508 αὐτοκράτορα
840 1450 1045 1505 Ῥωμαίων
1065 1451 1119 1501 ὥς
1142 1450 1250 1506 ἡμᾶς
1269 1452 1486 1508 ἀφικέσθαι
1515 1452 1595 1509 δρῶ
1624 1470 1698 1495 κα-

266 1520 544 1574 τεπείγουσαν·
591 1519 652 1560 διὸ
683 1519 739 1572 μὴ
769 1517 899 1575 κάμῃ,
944 1520 1058 1575 μέχρι
1086 1522 1207 1573 τῆσδε
1233 1524 1306 1574 τῆς
1331 1525 1403 1574 γῆς
1432 1519 1754 1575 ἀφικόμενος·ἓο

272 1585 386 1627 αὐτοὶ
412 1586 489 1641 γὰρ
511 1584 607 1627 ὅσον
637 1585 747 1628 οὔπω
770 1586 846 1642 πρὸ
876 1590 957 1633 τῶν
983 1592 1055 1628 τοῦ
1083 1589 1304 1638 Βυζαντίου
1328 1591 1463 1629 πυλῶν
1486 1587 1700 1642 πηξόμεθα

268 1654 341 1702 τὰς
363 1653 536 1707 σκηνὰς,
573 1655 639 1694 καὶ
659 1654 850 1709 καρτερὸν
861 1652 1022 1709 χάρακα
1043 1653 1171 1709 ταύτῃ
1199 1658 1506 1710 περιβαλοῢμεν,
1545 1654 1699 1704 ἐξιόντα

268 1737 311 1762 τε
330 1725 497 1773 τοῦτον,
535 1720 629 1775 εἴγε
650 1722 716 1762 καὶ
740 1720 971 1778 καρτερήσει
999 1722 1100 1778 πρὸς
1125 1720 1330 1765 τοσούτων
1359 1720 1491 1764 πόνων
1513 1723 1697 1777 διαγωνί-

361 1851 393 1884 1.
423 1849 518 1882 Fort.
541 1847 783 1894 μεγαλαύχως.
873 1852 929 1886 23.
959 1851 1042 1895 Leg.
1067 1852 1241 1887 τοσοῦτον
1261 1850 1386 1887 πόνον.

269 1960 385 2004 quitus
402 1961 596 1994 confectam.
642 1961 764 2005 Neque
790 1962 1001 2007 arrogantius
1019 1963 1082 1996 hoc
1111 1974 1170 1996 nos
1196 1973 1390 2007 responsum
1411 1962 1554 1996 reddere
1576 1964 1697 2006 putan—

269 2006 348 2038 dum
369 2010 431 2038 est.
479 2005 593 2038 Nam·
583 2017 618 2038 m
636 2006 772 2039 Christo
787 2007 859 2042 Deo
878 2008 1051 2040 immortali
1067 2009 1211 2041 futurum
1229 2020 1304 2041 esse
1321 2007 1526 2061 confidimus,
1548 2007 1611 2046 uti,
1633 2007 1698 2039 nisi

269 2054 390 2094 sponte
415 2061 458 2083 ex
471 2050 626 2103 regione
652 2051 841 2093 decedatis,
864 2053 919 2086 vel
941 2053 1038 2085 inviti
1065 2053 1144 2085 inde
1168 2064 1189 2086 a
1217 2053 1312 2086 nobis
1334 2051 1523 2085 eiiciamini.
1570 2052 1646 2085 Nec
1662 2057 1699 2084 te

270 2095 410 2128 oblitum
429 2094 580 2128 existimo
600 2095 705 2129 cladis
730 2098 838 2141 patris
856 2098 906 2131 tui
919 2098 1068 2141 Ingoris,
1092 2097 1150 2141 qui
1175 2108 1267 2138 cum,
1289 2097 1416 2130 iuratas
1439 2097 1611 2140 pactiones
1637 2107 1697 2140 pro

270 2139 373 2173 nihilo
394 2145 534 2184 putans,
559 2140 687 2184 ingenti
717 2147 881 2195 apparatu
898 2154 1080 2187 magnaque
1102 2143 1248 2175 lintrium
1275 2143 1311 2175 vi
1335 2142 1459 2175 infesta
1486 2141 1700 2185 navigatione

269 2185 427 2229 petiisset
443 2185 589 2228 reginam
610 2186 749 2227 urbium,
772 2188 846 2231 ipse
865 2188 1066 2220 domesticae
1085 2187 1191 2220 cladis
1209 2187 1347 2220 nuncius
1362 2187 1481 2227 factus,
1507 2197 1608 2231 aegre
1626 2197 1698 2220 cum

269 2230 432 2264 naviculis
449 2230 562 2263 decem
582 2230 623 2263 ad
647 2231 855 2265 Cimmerium
873 2233 1059 2276 Bosporum
1075 2236 1127 2265 est
1150 2243 1317 2266 reversus.
1363 2233 1546 2265 Praetereo
1569 2231 1699 2264 luctuo—

269 2286 341 2308 sum
357 2286 428 2308 eius
446 2275 626 2315 interitum,
650 2287 723 2309 cum
740 2277 827 2310 bello
848 2277 1028 2310 Germanis
1043 2277 1134 2310 illato
1154 2277 1221 2309 ab'
1212 2277 1298 2321 lpsis
1312 2281 1429 2321 captus
1449 2281 1511 2316 est,
1536 2277 1579 2310 ad
1601 2277 1699 2309 arbo-

270 2331 406 2364 rumque
429 2326 565 2354 truncos
596 2321 782 2364 alligatus'
773 2334 809 2354 ιιι
836 2322 918 2355 duas
944 2327 1056 2374 partes
1082 2322 1282 2365 discerptus.
1329 2323 1449 2365 Neque
1475 2321 1635 2365 teipsum,
1670 2320 1699 2353 si

270 2365 452 2398 Romanam
469 2368 667 2398 armaturam
684 2371 799 2399 contra
814 2369 849 2399 te
866 2366 1032 2411 proficisci
1053 2367 1222 2410 coegeris,
1247 2367 1375 2400 domum
1395 2377 1603 2400 reversurum
1624 2377 1699 2399 esse

270 2422 365 2451 reor,
387 2410 474 2443 sed
464 2422 498 2442 ιιι
513 2410 596 2443 illa
586 2422 661 2454 ipsa
680 2411 817 2454 regione
837 2423 903 2444 una
923 2424 995 2444 cum
1017 2411 1164 2444 omnibus
1191 2412 1297 2456 copiis
1315 2411 1485 2445 deletum
1474 2411 1516 2444 lri
1533 2411 1636 2451 adeo,
1660 2413 1700 2443 ut

272 2467 314 2489 ne
330 2467 395 2489 una
411 2456 543 2508 quidem
567 2455 712 2497 ignifera
740 2456 835 2489 nmis
858 2457 893 2489 in
912 2457 974 2500 Sc)
974 2456 1084 2489 thiam
1111 2456 1155 2489 sit
1174 2457 1348 2501 elapsum,
1379 2468 1464 2501 quae
1486 2456 1576 2489 diros
1600 2466 1699 2488 casus

273 2505 405 2534 vestros
423 2500 566 2534 nunciet.
570 2500 590 2516 '’
638 2501 920 2545 Sphendoslabus‚
945 2503 1170 2534 stomachatus
1188 2502 1247 2534 tali
1265 2513 1435 2547 responso,
1458 2499 1699 2543 barbaricoque

272 2547 386 2579 furore
404 2546 531 2590 atque
521 2557 649 2579 insama
664 2547 842 2589 abreptus,
868 2546 916 2578 ita
941 2547 1164 2589 respondit.,
1154 2547 1313 2587 „Nullam
1338 2547 1489 2590 equidem
1515 2544 1698 2578 necessita-

271 2596 338 2623 tem
356 2591 454 2625 video
473 2592 706 2634 Imperatorem
723 2591 943 2624 Romanorum
970 2597 1161 2633 cogentem,
1186 2596 1223 2625 ut
1250 2593 1292 2625 ad
1317 2604 1376 2625 nos
1390 2592 1529 2644 veniat3
1554 2600 1699 2666 quaplgo-

275 2639 351 2678 pter
365 2647 408 2669 ne
427 2637 650 2680 defatigetur,
674 2637 708 2669 in
726 2636 811 2669 hanc
833 2642 955 2668 terram
972 2636 1205 2679 proficiscens:
1230 2649 1369 2680 namque
1389 2636 1456 2680 ipsi
1473 2647 1547 2669 mox
1574 2634 1658 2668 adB
1660 2645 1700 2678 y—

275 2681 377 2713 zantii
398 2686 513 2725 portas
530 2682 761 2715 collocabimus
777 2681 1003 2721 tabernacula,
1022 2682 1145 2715 munito
1163 2682 1249 2715 vallo
1266 2683 1379 2715 urbem
1396 2681 1575 2724 cingemus,
1593 2679 1700 2731 ipsmn

274 2730 509 2770 erumpentem,
532 2727 562 2760 si
582 2727 694 2773 pergit
711 2730 824 2762 tantae
843 2737 1018 2760 aerumnae
1037 2727 1162 2767 obniti,
1186 2727 1321 2760 fortiter
1341 2726 1560 2770 excipiemus,
1584 2722 1699 2758 factis·
