1768 3034
7 514 28 537 ,ι
1 308 27 473 311.ῑὲςὶνωὶιῖ-
3 212 21 293 ῃφᾼψμ,

11 1056 25 1092 ⁵2.

4 1316 28 1332 ί

432 600 789 661 ΔΗΕΝΒῙΟΙ
832 597 1134 649 CANISII

223 722 271 778 P
356 723 413 781 R
498 724 557 783 A
643 724 691 781 E
779 724 824 780 F
901 725 961 780 A
1044 721 1101 779 T
1188 722 1216 778 Ι
1306 717 1360 792 Q

773 858 848 890 AD
1110 885 1115 889 ,

323 946 758 992 LUITPRANDI
789 946 1272 992 LEGATIONEM.

76 1208 361 1292 Legationem
378 1238 485 1278 hano
505 1239 743 1293 Luitprandi
766 1243 1036 1301 Cremonensis
1046 1242 1234 1296 Episcopi
1252 1238 1464 1293 descripsit
1482 1251 1535 1277 ex

79 1309 223 1348 Codice
237 1307 508 1360 manuscripto
524 1308 792 1349 Bibliothecae
808 1300 1019 1362 primariae
1037 1311 1144 1349 aedis
1163 1308 1410 1349 Trevirensis
1430 1309 1477 1346 R.
1489 1307 1534 1347 P.

17 1365 26 1399 *⁵
79 1375 391 1429 christophorus
408 1375 642 1426 Browerus,
662 1377 860 1416 societatis
880 1378 969 1417 Iesu
988 1378 1192 1429 sacerdos,
1221 1374 1467 1428 antiquitatis
1483 1374 1538 1413 il-

22 1481 26 1483 *
77 1444 307 1484 lustrandas
335 1442 669 1494 studiosissimus,
699 1458 860 1497 eamque
877 1446 927 1483 ad
948 1459 1197 1484 communem
1223 1444 1338 1482 illum
1358 1442 1538 1481 omnium

30 1531 34 1536 ·
78 1513 325 1552 eruditorum
353 1511 524 1550 amicum
551 1511 729 1551 Marcum
756 1513 960 1552 velserum
983 1513 1071 1552 VH.
1101 1512 1234 1551 virum
1262 1512 1538 1562 Augustanum

77 1580 203 1630 minit3
231 1580 326 1618 inde
349 1578 431 1617 huc
448 1579 621 1632 perlata,
651 1593 761 1618 nunc
790 1581 949 1619 tandem
972 1586 1074 1632 post·
1086 1586 1150 1618 tot
1170 1579 1325 1618 saecula
1353 1592 1404 1617 ex
1424 1584 1539 1616 tene-

0 1651 1 1698 ἶ
22 1664 26 1670 ·
76 1649 160 1688 bris
176 1650 218 1687 in
247 1647 451 1701 publicum
474 1647 570 1686 exit.
626 1647 725 1696 Quis
747 1648 1015 1701 Luitprandus
1034 1648 1104 1686 hic
1122 1647 1243 1686 suerit
1255 1677 1267 1697 ‚
1299 1653 1407 1685 certo
1429 1647 1537 1685 affir-

0 1717 19 1764 ξ
78 1729 187 1756 mare
210 1730 292 1754 non
311 1715 449 1754 ausim.
503 1715 641 1754 Fuisse
660 1716 880 1754 Ticinensis
911 1716 1110 1754 Ecclesiae
1134 1715 1309 1753 Levitam
1329 1721 1368 1752 et
1392 1714 1538 1752 Diaco-

81 1798 177 1824 num
211 1779 345 1837 (cuius
368 1789 505 1821 extant
531 1783 626 1820 libri
650 1797 719 1821 sex
738 1797 870 1821 rerum
891 1784 939 1821 ab
965 1784 1146 1835 Europae
1165 1781 1469 1835 Imperatoribus
1496 1788 1538 1820 et

81 1851 251 1902 Regibus
265 1849 491 1901 gestarum),
502 1851 671 1889 suadent
688 1863 778 1888 cum
791 1850 880 1901 alia,
896 1857 980 1889 tum
996 1850 1100 1889 idem
1115 1864 1279 1903 prorsus
1296 1849 1455 1888 dicendi
1472 1862 1538 1900 ge-

82 1933 173 1960 nus.
221 1917 371 1957 Deinde
391 1919 500 1971 qnod
526 1919 754 1971 opinionem
777 1918 883 1956 hanc
900 1918 1225 1957 verisimillimam
1251 1919 1396 1968 reddit,
1424 1918 1539 1956 Luit-

83 1987 260 2040 prandus
288 1992 425 2025 noster
441 1986 502 2024 bis
523 2000 565 2025 se
594 1986 938 2038 Constantinopoli
955 1986 1356 2037 legationem-obiisse
1379 1986 1539 2035 asserit3

86 2055 266 2108 primam,
295 2067 386 2092 cnm
403 2053 533 2092 adhuc
550 2053 746 2092 Diaconus
766 2061 880 2104 esset,
909 2054 1142 2092 auctoritate
1159 2053 1406 2105 Berengarii,
1434 2061 1541 2092 tem-

86 2135 185 2175 pore
204 2121 454 2160 Constantini
481 2121 722 2160 Graecorum
739 2122 993 2174 Imperatoris
1004 2136 1016 2171 ;
1046 2128 1184 2174 postea
1201 2122 1365 2160 alteram
1378 2151 1390 2171 ,
1423 2134 1541 2159 man-

86 2189 181 2228 dato
212 2189 372 2228 Ottonis
405 2189 539 2240 Magni
567 2195 606 2228 et
633 2189 708 2227 filii
738 2191 821 2229 eius
850 2196 889 2228 et
915 2190 1055 2228 uxoris
1082 2182 1324 2228 Adelheidae
1346 2188 1396 2227 ad
1422 2188 1542 2226 Nice-

86 2257 260 2309 phorum
278 2256 471 2307 Phocam‚
502 2257 568 2309 qui
586 2264 746 2296 mortuo
769 2260 947 2296 Romano
969 2256 1052 2295 filio
1070 2257 1263 2310 praedicti
1294 2255 1544 2295 Constantini

88 2324 301 2376 Imperium
332 2325 814 2376 Constantinopolitanum
840 2325 1052 2365 invaserat.
1107 2325 1162 2363 At
1184 2325 1451 2377 Luitprandus
1471 2323 1542 2361 Ti-

16 2384 29 2405 ⁷
92 2392 260 2430 cinensis
278 2392 490 2440 maeoniis,
519 2399 559 2431 et
576 2393 798 2431 Historicus
824 2394 872 2431 ab
900 2393 1036 2431 eodem
1054 2392 1291 2444 Berengario
1318 2392 1451 2430 Italiae
1474 2396 1544 2442 ty-

91 2474 216 2499 ranno
245 2459 380 2512 potius
407 2474 527 2512 quam
556 2462 659 2511 Rege
686 2474 729 2498 se
760 2460 1146 2512 Constantinopolim
1169 2460 1221 2498 ad
1242 2458 1545 2498 Constantinum

17 2542 30 2546 ‘⁷
91 2528 372 2580 Imperatorem
399 2527 517 2578 legati
545 2528 704 2566 nomine
731 2527 896 2566 missum
916 2534 1083 2566 testatur
1099 2528 1166 2566 lib.
1184 2527 1252 2569 Vl.
1278 2527 1487 2577 Hist..cap.
1507 2529 1545 2567 1.

93 2602 133 2633 et
150 2609 229 2646 seq.
247 2595 315 2633 ubi
334 2596 422 2633 fuse
439 2594 640 2640 describit,
663 2595 861 2647 quomodo
880 2609 902 2632 a
923 2596 1182 2634 Constantino
1203 2592 1546 2645 Constantinopoli

93 2669 282 2715 exceptus
306 2662 452 2710 suerit,
480 2668 520 2700 et
550 2676 648 2713 quae
676 2663 901 2715 spectacula
929 2663 1074 2701 ibidem
1094 2662 1252 2701 viderit.
1310 2661 1425 2699 Unde
1445 2675 1547 2699 con-

27 2758 28 2761 *
93 2730 213 2768 iieere
230 2730 336 2779 licet,
357 2742 479 2768 unum
493 2735 534 2767 et
554 2729 721 2768 eundem
738 2743 820 2768 esse
835 2729 948 2768 hunc
966 2736 1163 2778 nostrum,
1188 2736 1227 2768 et
1248 2728 1318 2780 qui
1339 2727 1545 2766 historiam

94 2796 348 2851 conseripsit:
378 2809 501 2848 quum
518 2801 557 2835 et
569 2796 796 2837 Historicus
818 2797 891 2836 suh
911 2796 1125 2836 Ottonibus
1151 2794 1350 2845 claruerit,
1379 2801 1420 2834 et
1439 2800 1544 2833 tem-
