1768 3034
277 148 372 196 146
741 136 942 195 L'EOMS
974 148 1210 193 DIACONI

64 283 97 312 A.
116 280 159 311 Μ.
176 277 266 313 6480
279 265 397 319 δρῶν,
420 261 483 305 καὶ
502 260 572 311 τὰς
589 264 661 315 τῆς
678 263 884 314 βασιλικῆς
901 257 1032 306 ἱστίας
1051 249 1391 313 κλεΐςῦφελὲσθαι
1401 288 1414 308 ,
1445 256 1496 298 δι’
1515 249 1570 298 ὧν
1588 253 1698 312 αὐτῷ

107 326 171 356 ¹¹¹⁶·
192 325 234 359 ¹5
279 332 449 379 εὐπετῶς
468 328 545 383 ἢὲς
555 329 604 370 τὰ
620 330 801 381 βασίλεια
821 327 967 381 γένοιτο
979 322 1168 381 πάροδος.
1205 325 1271 365 καὶ
1289 326 1392 377 δῆτα
1404 323 1518 378 ἔργον
1531 323 1696 377 εἷ’χοντο,

279 401 344 440 καὶ
371 397 443 451 τὴν
473 396 539 438 διὰ
565 393 690 450 λόγων
719 392 929 446 ὑπόσχεσιν
961 393 1027 433 καὶ
1047 392 1095 433 δι’
1118 390 1241 447 ἔργων
1263 389 1442 432 ἇνύττειν
1461 391 1695 445 ἐπεχείρουν,

278 463 464 520 μηδόλως
485 460 760 516 μελλήσαντες.
809 460 992 501 ἐντεῦθεν
1013 456 1062 513 δή
1082 475 1172 500 τινα
1191 461 1271 499 τῶν
1286 460 1501 511 βασιλικῶν
1520 453 1698 497 κλειδοῦο

273 549 358 586 χων
380 533 545 586 δωρεαῖς
572 523 905 581 ὖποποιησᾶμενοι
914 557 928 578 ,
962 529 1070 582 κηρῷ
1102 525 1175 574 τὰς
1193 529 1295 573 κλεῖς
1315 525 1507 566 ἓκτυποῢν
1525 522 1695 574 ἴπεισαν,
1709 530 1732 564 5

244 601 347 643 Οκαὶ
369 595 504 644 αὑτοῖς
524 595 723 636 ἐπιδοῦναι
743 592 812 635 τὸν
834 591 967 649 κηρόν.
1003 594 1068 634 καὶ
1089 591 1145 643 ὃς,
1175 591 1290 634 οὐδὲν
1312 590 1476 643 ἀναδὺς,
1511 587 1700 637 τυπώσας

67 680 136 711 Fol.
158 677 224 712 312
242 688 273 710 v.
283 666 352 707 τὸν
372 663 492 718 κηρὸν
513 662 691 703 ε’πεδίδου
708 674 717 683 ·
749 660 787 701 οἱ
817 661 878 712 δὲ,
914 657 1120 712 βάναυσον
1137 655 1463 713 μισθωσάμενοι,
1498 656 1573 706 τὰς
1598 660 1700 705 κλεῖς

282 732 344 788 ἐφ’
365 729 496 778 ἑστίας
517 726 570 777 ὥς
587 725 708 782 τάχος
735 726 983 780 ἕχάλκευσαν.

378 794 425 840 δ’.
454 795 559 837 Ἐπεὶ
578 796 620 836 δὲ
640 793 770 835 πάντα
787 791 942 842 τούτοις
966 792 1067 835 κατὰ
1084 789 1257 847 γνώμην,
1289 791 1343 842 ὣς
1358 808 1400 847 γε
1418 788 1556 843 affixa,
1599 787 1699 844 ἒχῶ-

280 881 358 921 ρει,
395 863 465 905 τὸν
482 859 805 917 Κουροπαλάτην
824 858 990 902 ἐκάλουν
1006 859 1273 915 περαιοῦσθαι
1283 859 1362 901 τὸν
1384 857 1610 914 Βόσπορον,
1635 858 1700 898 καὶ
1714 866 1757 899 10

281 931 479 985 καταίρειν
498 930 559 970 ἐπὶ
581 928 626 970 τὸ
647 926 879 978 Βυζάντιον.
927 926 948 969 ὅ
969 928 1024 979 δὲ,
1051 931 1131 968 τῶν
1149 931 1301 968 νυκτῶν
1320 925 1421 982 ἀωρὶ
1444 925 1541 974 νεὼς
1562 924 1702 977 ἐπιβὰς

281 1000 347 1039 καὶ
378 1001 428 1052 τῇ
464 993 671 1051 ἀκροπόλει
692 993 902 1050 προσσχὼν
912 1025 925 1046 ,
964 994 1114 1035 ἐκεῖθεν
1134 992 1200 1035 διά
1218 1009 1325 1043 τινος
1344 994 1508 1041 πυλίδος
1526 990 1604 1033 ὖπό
1628 990 1702 1044 τὴν

281 1067 354 1106 τοῦ
374 1063 485 1118 ἁγίου
509 1065 634 1104 Φωκᾶ
651 1060 893 1115 τελεθούσης
910 1059 1057 1112 ἑστίαν,
1083 1058 1196 1103 ἔνδον
1212 1059 1330 1116 εἰσῄει
1348 1064 1421 1102 τοῦ
1443 1058 1604 1110 ἄστεος,
1627 1057 1701 1111 τὴν

283 1135 356 1184 τῆς
380 1128 589 1185 ἡγεμονίας
616 1128 741 1184 ἀρχὴν
769 1128 847 1182 ἤδη
877 1127 1048 1181 κατέχειν
1077 1127 1118 1169 ἓν
1152 1132 1241 1176 ταῖς
1264 1128 1401 1183 χερσὶν
1427 1126 1699 1182 ὀνειροπολῶν.

244 1202 340 1255 Βτῷ
362 1199 426 1248 δὲ,
473 1195 560 1238 ἀντὶ
588 1195 835 1251 πορφυρίδος
862 1198 1071 1250 λαμπρᾶς,
1108 1196 1174 1236 καὶ
1194 1191 1403 1250 σκήπτρων
1415 1197 1599 1249 χρυσῶν,
1635 1191 1701 1232 καὶ
1714 1198 1756 1233 15

281 1263 538 1319 τυραννίδος,
587 1260 637 1316 ἢν
664 1260 718 1310 ὥς
744 1261 801 1315 μὴ
834 1260 981 1317 ὤφελεν
1007 1262 1257 1316 ἕμελέτησεν,
1294 1258 1539 1316 ἐκτύφλωσιν
1561 1257 1703 1314 πικρὰν

283 1332 349 1372 καὶ
366 1329 581 1386 ὑπερορίαν
598 1328 776 1384 μακρὰν,
814 1330 879 1369 καὶ
898 1325 1086 1382 δήμευσιν
1104 1332 1185 1370 τῶν
1204 1327 1354 1370 οἰκείων
1374 1324 1400 1381 ἦ
1419 1325 1518 1380 τύχη
1537 1326 1707 1367 ε’σκαιω·

284 1403 387 1453 ρεΐτο
398 1429 411 1449 ,
450 1390 664 1451 ε’πιγελῶσά
683 1411 761 1436 που
782 1400 865 1444 τοΐς
882 1394 1146 1448 ε’λπιζομὲνοις
1167 1393 1307 1450 τάνδρὶ
1319 1425 1333 1447 ,
1372 1391 1425 1442 ὥς
1450 1392 1523 1435 οὐκ
1547 1393 1589 1433 ἐν
1612 1391 1705 1445 ἔχυ-

284 1468 342 1521 ρῷ
373 1463 560 1516 κειμένοις
570 1494 584 1515 ,
622 1459 717 1503 ἀλλ’
750 1462 804 1510 εἷς
837 1460 1059 1515 τοῦμπαλιν
1097 1461 1208 1519 αὐτῷ
1239 1460 1600 1517 περιτρεπομένοις,
1637 1460 1704 1500 καὶ

279 1530 456 1584 χαλεπὴν
483 1533 563 1571 τῶν
592 1525 858 1582 ἀτυχημάτων
886 1528 1173 1571 ε’πικυλίνδουσι
1203 1525 1428 1584 συμφοράν.
1486 1525 1577 1582 ἄρτι
1610 1524 1700 1581 γὰρ,
1713 1523 1768 1567 2οἳ

284 1598 436 1652 ἐπείπερ
465 1593 558 1637 κατ’
588 1593 694 1637 οἶκόν
723 1610 830 1644 τινος
857 1599 937 1637 τῶν
956 1592 1285 1651 ὖπηρετουμὲνων
1311 1593 1423 1651 αὐτῷ
1452 1593 1493 1634 ἒν
1522 1598 1607 1641 τοῖς
1630 1596 1703 1634 τοῦ
1760 1600 1768 1616 ⁴

284 1663 514 1719 Σφορακιόυ
534 1661 668 1717 με’ρεσι
687 1665 895 1715 καθῆστο,
931 1661 1027 1711 τοὺς
1052 1659 1288 1716 συνωμότας
1311 1664 1521 1703 συνελθεῖν
1546 1656 1704 1712 ἐκδεχό-

282 1746 412 1783 μενος,
450 1727 504 1778 a}
522 1733 602 1771 τῶν
621 1728 871 1785 ἔφεπομένων
893 1727 1016 1785 αὐτῷ,
1053 1733 1126 1783 τῆς
1144 1727 1276 1778 ἑστίας
1294 1725 1523 1778 ὑπεξελθὼν
1533 1758 1547 1778 ,
1576 1723 1704 1781 πρόσ-

160 1805 199 1839 Ρ.
218 1806 262 1841 91
287 1813 357 1838 εισι
380 1801 460 1838 τῶν
480 1792 671 1850 συνήθων
685 1797 782 1848 τινὶ,
804 1799 1011 1849 βασιλικῆς
1027 1795 1254 1853 ἱστουργιάς
1271 1794 1353 1838 ὄντι
1370 1785 1600 1851 μελεδωνῷ,
1629 1790 1703 1846 τὴν

373 1903 427 1937 12.
463 1900 628 1946 προσχὼν
659 1902 733 1937 cod.
846 1904 900 1939 13.
938 1899 1147 1948 τελεσούσης
1174 1901 1248 1937 cod.
1362 1901 1418 1938 15.
1451 1900 1523 1947 τῷ]
1555 1898 1598 1935 τὰ
1629 1898 1702 1933 cod.

371 1948 426 1981 22.
450 1949 638 1982 καθείσθω
661 1948 733 1982 cod.

284 2036 396 2069 claves
411 2035 530 2079 palatii
545 2039 771 2079 surrepturos,
787 2047 848 2080 per
867 2047 950 2081 quas
966 2036 1075 2070 facilis
1093 2036 1126 2070 ei
1143 2036 1241 2069 fieret
1258 2035 1292 2068 in
1309 2045 1438 2069 sacrum
1454 2033 1552 2067 limen
1570 2032 1703 2076 ingres-

284 2091 353 2114 sus,
397 2081 541 2114 Proinde
562 2081 745 2125 suscipiunt
761 2082 948 2124 negotium:
972 2081 1059 2125 quod
1084 2081 1195 2115 verbis
1212 2084 1306 2113 erant
1332 2078 1493 2123 polliciti,
1515 2078 1562 2111 nil
1584 2076 1703 2110 morati

284 2136 322 2158 re
341 2126 501 2168 perficere
518 2130 687 2158 conantur.
733 2125 939 2159 Persuadent
966 2127 1021 2159 uni
1042 2136 1084 2159 ex
1101 2125 1247 2159 ostiariis
1265 2124 1422 2169 palatinis
1436 2123 1529 2156 donis
1553 2122 1703 2162 inducto,

283 2174 322 2202 ut
341 2170 376 2201 in
397 2180 476 2202 cera
497 2170 607 2202 claves
634 2169 854 2213 imprimeret,
878 2182 986 2203 ceram
1011 2170 1075 2203 sibi
1098 2170 1359 2213 communicaret.
1404 2169 1459 2209 Is,
1481 2171 1630 2213 promtus
1658 2166 1702 2199 ad

284 2224 365 2253 rem,
382 2224 491 2247 ceram
507 2214 710 2247 informatam
736 2215 858 2248 tradit:
882 2215 1063 2255 coniurati,
1087 2215 1239 2260 opificem
1255 2214 1493 2256 conducentes,
1516 2212 1626 2246 claves
1645 2222 1702 2244 ce-

283 2258 399 2292 leriter
415 2258 501 2292 domi
520 2259 687 2292 cudendas
705 2264 831 2291 curant.

372 2302 405 2336 4.
432 2304 515 2336 Cum
538 2303 645 2336 omnia
667 2313 708 2335 ex
734 2303 918 2344 sententia,
941 2306 980 2337 ut
1006 2303 1167 2338 rebantur
1190 2303 1259 2345 illi,
1290 2301 1550 2343 successissent,
1581 2303 1703 2335 vocant

286 2347 536 2391 Curcpalatem,
566 2352 624 2388 ut,
657 2347 798 2380 traiecto
826 2349 913 2382 freto
926 2373 937 2389 ,
964 2349 1281 2392 Constantinopolim
1308 2350 1501 2394 appelleret.
1545 2347 1579 2380 Is
1604 2350 1703 2379 nocte

279 2392 478 2436 intempesta
503 2391 580 2425 navi
608 2403 785 2425 conscensa
809 2392 850 2425 ad
879 2404 986 2426 arcem
1004 2393 1153 2435 delatus,
1175 2395 1224 2427 ibi
1248 2406 1309 2438 per
1325 2394 1508 2438 portulam,
1531 2402 1615 2436 quae
1639 2390 1701 2423 sub

281 2438 318 2469 S.
345 2438 473 2470 Phocae
489 2441 558 2476 est,
580 2437 694 2469 urbem
713 2437 835 2477 intrat,
858 2437 1028 2481 imperium
1059 2438 1124 2472 iam
1147 2451 1184 2472 se
1211 2440 1366 2481 manibus
1384 2443 1498 2472 tenere
1524 2435 1699 2470 somnians.

279 2482 403 2514 Verum
419 2481 494 2515 huic
511 2491 570 2526 pro
590 2480 740 2523 fulgente
756 2492 921 2525 purpura,
945 2493 1007 2526 pro
1024 2487 1157 2527 sceptro
1175 2495 1289 2524 aureo,
1313 2495 1372 2528 pro
1388 2481 1576 2527 tyrannide,
1603 2489 1700 2523 quam

279 2525 423 2560 infausto
451 2526 556 2560 omine
577 2525 844 2566 machinabatur,
870 2527 1134 2561 excaecationem
1163 2528 1269 2562 diram
1282 2553 1292 2569 ‚
1316 2529 1526 2572 longinquum
1556 2524 1700 2564 exilium,

280 2571 534 2613 publicationem
563 2570 720 2603 bonorum
739 2571 878 2614 parabat
898 2572 1051 2612 fortuna,
1071 2572 1217 2607 irridens
1241 2585 1333 2618 spem
1358 2572 1514 2611 hominm,
1537 2580 1622 2614 quae
1648 2568 1701 2601 ni-

280 2614 375 2648 mium
396 2615 498 2648 fallax
524 2615 559 2649 iu
585 2615 783 2648 contrariam
809 2619 937 2658 partem
969 2617 1096 2657 evasit,
1120 2619 1337 2662 acerbamque
1356 2618 1405 2650 illi
1430 2615 1582 2649 malorum
1601 2611 1701 2645 mise-

281 2658 361 2692 riam
380 2660 500 2693 intulit.
531 2660 615 2693 Dum
633 2659 716 2694 enim
732 2659 767 2692 in
782 2659 917 2692 aedibus
926 2660 1093 2694 cuiusdam
1113 2675 1154 2696 ex
1173 2663 1371 2696 facientibus
1387 2670 1495 2694 secum
1508 2659 1544 2691 in
1562 2656 1701 2700 regione

278 2702 455 2745 Sphoracii
477 2705 618 2745 desidet,
641 2703 885 2738 coniuratorum
904 2708 1096 2739 conventum
1114 2708 1332 2751 praestolans,
1355 2704 1474 2749 aliquis
1490 2702 1699 2741 asseclarum,

280 2747 416 2780 aedibus
437 2748 579 2793 elapsus,
603 2749 647 2784 ad
662 2748 855 2785 familiarem
869 2749 998 2794 ipsius,
1018 2751 1155 2785 textrini
1164 2752 1306 2796 Augusti
1322 2751 1581 2796 procuratorem,
1603 2757 1698 2781 acce-
