1748 3094
262 198 361 248 458
525 208 528 210 ’
714 206 763 251 C.
789 208 838 253 Β.
865 205 1019 250 HASII
1045 207 1243 251 NOTAE

261 311 633 361 excommunicavit,
664 325 692 349 a
713 312 983 349 communione
1003 310 1506 365 ecclesiastica'separavit.
1561 312 1693 364 Neque

261 368 392 406 minus
419 367 562 418 passim
597 375 767 406 erratum
803 373 862 405 est
890 367 933 404 in
967 367 1158 406 vertendo
1181 367 1426 408 substantivo
1453 365 1692 423 ἆφορισμὸς,

262 437 377 476 quem
395 436 444 461 ex
467 423 728 475 superioribus
756 428 865 475 patet
889 423 934 461 in
959 423 1073 461 laicis
1096 423 1280 463 denotare
1293 426 1562 476 privationem
1581 439 1692 463 com-

258 479 457 518 munionis
474 479 767 527 eucharisticae,
796 479 840 516 in
862 479 1012 518 clericis
1029 482 1324 531 suspensionem
1341 481 1390 520 ab
1407 480 1549 520 officio
1561 481 1694 519 eccle-

259 535 427 574 siastico.
469 536 528 573 Ita
549 535 723 602 Liturgia
743 537 780 573 S.
789 535 925 573 Marci
949 535 1217 574 Alexandrina
1238 537 1330 580 135,
1348 537 1395 575 Β.
1417 535 1582 575 Ioannes
1605 550 1629 574 a
1653 538 1700 574 S.-

259 586 463 630 Andrea’
437 589 517 632 απὸ
537 585 786 644 ἆναθέματος
801 607 868 631 και
889 587 1116 644 οῗφορισμοῦ
1137 592 1279 644 vertit,
1309 593 1360 630 ab
1380 592 1632 631 anathemate
1655 599 1693 630 et

260 649 685 699 excommunicatione,
722 646 876 686 tametsi
905 647 973 685 hie
1005 648 1250 687 reddendum
1277 654 1381 698 erat,
1426 650 1692 699 suspensione.

260 704 360 742 Nam
380 703 428 741 de
453 704 653 742 sacerdote
679 717 821 743 sermo,
880 704 1026 742 Contra
1042 704 1150 755 apud.
1168 706 1208 745 S.
1229 704 1464 743 Clementem
1480 704 1692 756 Martyrem

259 759 492 798 Constituit.
503 759 677 811 Apostol.
696 763 762 803 27.
780 758 825 797 Α.
843 756 1085 812 ἕπιτιμᾶσθω
1102 756 1323 815 ἄφορισμῷ,
1353 760 1568 798 Gentianus
1585 760 1693 799 Her-

258 822 374 854 vetus
405 815 660 868 simpliciter,
698 816 932 864 mulctetur,
972 816 1079 867 quod
1098 817 1233 854 saltem
1252 816 1569 868 amplificandum
1594 823 1689 864 erat,

255 885 347 909 sacr
349 885 463 909 orum
483 873 761 922 mysteriorum
777 872 1025 922 separatione
1043 872 1180 910 mulct.
1230 867 1470 925 'Amymone
1480 872 1586 925 apud
1601 872 1692 911 rhe-

256 934 362 966 tores
393 928 489 978 quid
512 928 587 977 sit,
618 927 765 979 optime
791 927 975 979 exposuit
1002 917 1155 966 Ernesti
1174 928 1318 966 Lexico
1339 927 1470 969 techn.
1493 928 1593 970 rhet.
1623 930 1691 971 52.

219 984 303 1023 BB.
340 984 470 1031 Quare
498 984 541 1021 in
565 983 746 1022 versione
766 983 972 1021 Reiskiana
996 983 1094 1022 haec
1118 983 1298 1036 Dionysii
1317 983 1616 1023 Halic.1udicio
1641 983 1691 1022 de

255 1040 363 1078 Isaeo
384 1039 429 1078 V
448 1040 540 1082 597.
562 1038 689 1091 ’ἡδέως
708 1054 749 1079 τε
767 1038 835 1078 καὶ
853 1035 1117 1104 cinomanna-05
1134 1055 1183 1080 τα
1203 1037 1298 1092 μετοῖ
1318 1042 1442 1080 ταῦτα
1460 1039 1690 1089 ἐπιτίθεται,
1739 1041 1742 1044 ’

255 1095 387 1133 minus
409 1101 511 1146 apte,
540 1095 694 1147 opinor,
723 1096 958 1145 redduntur,
987 1097 1170 1133 suaviter
1188 1103 1224 1133 et
1246 1094 1446 1136 distincte.
1492 1096 1591 1135 Nam
1612 1095 1692 1134 hoc

257 1151 418 1201 quidem
438 1165 460 1188 a
483 1151 710 1190 rhetoribus
731 1151 889 1189 Graecis
915 1151 1061 1190 dicitur
1087 1148 1297 1205 eunome-39·
1335 1148 1596 1205 ἆφοριστικως
1615 1165 1690 1189 au-

238 1213 335 1249 ,tem
362 1207 596 1245 vertendum
628 1214 685 1245 est
707 1207 973 1257 membratim,
1014 1207 1180 1246 concisis
1203 1207 1466 1260 brevibusque
1491 1207 1688 1257 membris,

257 1265 490 1312 inconnexe,
525 1270 572 1301 ut
598 1264 652 1301 ait
682 1263 843 1301 Grotius
873 1264 923 1301 ad
946 1263 1170 1304 Ecclesiast.
1197 1264 1247 1302 ll.
1266 1267 1307 1306 6.
1332 1264 1430 1312 sive,
1459 1269 1508 1302 ut
1532 1264 1689 1301 Cicero·

257 1319 379 1357 niano
406 1319 525 1357 verbo
542 1325 651 1368 utar,
670 1321 806 1359 ,incise
818 1349 829 1369 ,
856 1319 1068 1358 brevibus·
1056 1319 1213 1369 incisis,
1242 1320 1400 1371 fereque
1418 1319 1460 1357 id
1481 1319 1586 1371 quod
1609 1319 1689 1357 Ba-

257 1374 381 1425 silius,
402 1373 612 1413 scholiasta
633 1389 703 1416 ms.
723 1377 761 1414 S.
777 1376 954 1426 Gregorii
971 1375 1204 1414 Nazianzeni
1219 1373 1310 1414 luce
1334 1375 1594 1425 dignissimus,
1616 1390 1688 1415 πε-
1713 1398 1716 1399 ’

255 1427 415 1483 ριόδους
436 1427 671 1479 ἀσυνδέτους
690 1431 757 1471 καὶ
776 1428 991 1479 αὐτοτελεῖς
1009 1431 1107 1470 solet
1126 1432 1335 1483 appellare.
1371 1431 1468 1469 Inde
1486 1426 1688 1482 eiplican-

255 1487 349 1524 dum
373 1487 687 1538 Etymologicum
712 1501 893 1537 magnum
914 1491 1007 1531 296.
1026 1488 1092 1530 50.
1112 1487 1178 1525 ubi
1200 1484 1278 1527 εἷεν
1302 1486 1447 1525 dicitur
1467 1499 1549 1524 esse
1572 1486 1688 1539 ἐπίῤ-

252 1542 359 1595 ρημα
379 1540 654 1596 ἄφοριστικόν·
686 1544 794 1596 quod
812 1557 951 1599 nempe
970 1556 1041 1595 per
1058 1556 1100 1581 se
1117 1543 1248 1595 ipsum
1268 1542 1420 1593 effingit
1438 1555 1594 1581 sensum
1616 1542 1687 1580 ab·

252 1599 443 1638 solutum.

363 1653 467 1694 Ibid.
497 1654 568 1693 l1'n.
598 1659 664 1697 22
692 1668 772 1694 των
790 1656 843 1710 τῇ
862 1653 949 1708 ison?
969 1649 1075 1709 νόσῳ
1093 1649 1336 1706 καμνόντων]
1371 1653 1500 1693 Vertit
1518 1628 1687 1692 Combe-

252 1709 385 1760 fisius,
414 1725 544 1748 eorum
563 1713 633 1762 qui
649 1724 765 1747 sacro
783 1695 916 1747 morbo
935 1710 1050 1747 labor
1050 1717 1182 1759 arent,
1210 1718 1258 1748 ut
1273 1709 1369 1747 adeo
1385 1710 1624 1760 intelligatur
1639 1710 1689 1748 de

252 1767 389 1804 m01bo
414 1767 611 1804 comitiali.
654 1767 788 1817 Neque
805 1766 877 1804 hel
880 1766 965 1803 cule
982 1766 1188 1804 immutare
1205 1780 1248 1804 ea
1265 1766 1424 1816 quidem
1443 1779 1560 1804 ausus
1579 1779 1687 1804 sum:

254 1822 409 1860 tametsi
425 1823 601 1860 Valesius
622 1823 673 1860 ad
699 1822 836 1861 Euseb.
857 1822 1002 1860 Histor.
1023 1818 1130 1860 Eccl.
1148 1822 1213 1861 IV.
1238 1825 1302 1864 19.
1335 1821 1414 1859 iam
1443 1821 1687 1860 demonstra-

252 1878 332 1927 1it‚
362 1892 475 1930 saepe
494 1876 604 1932 ἱεραν
627 1875 749 1919 νόσον
769 1878 937 1928 intelligi
967 1878 1104 1916 debere
1127 1878 1176 1916 de
1193 1878 1300 1929 lepra
1329 1883 1397 1915 aut
1421 1877 1687 1929 elephantiasi.

217 1934 247 1967 C
258 1934 596 1986 Scriptoribusque
613 1934 670 1972 ibi
689 1934 859 1972 laudatis
872 1934 963 1972 addi
978 1940 1142 1984 possunt
1159 1935 1197 1972 S.
1210 1934 1375 1972 Ioannes
1390 1932 1687 1999 chrysostomus

257 1990 367 2028 Orat.
390 1991 445 2027 De
467 1990 706 2048 poenitentia
726 1990 791 2031 VI.
823 1994 916 2034 912.
943 1992 1009 2032 37.
1038 2005 1132 2037 τους
1147 1987 1229 2030 ὕπο
1249 1991 1322 2040 τῆς
1343 1989 1451 2042 ἱερᾶς
1471 1985 1594 2029 νόσου
1612 2003 1687 2029 κα-

255 2044 526 2096 τακειμένους,
558 2049 615 2086 ὠν
638 2044 686 2086 τοὶ
711 2045 807 2098 μέλη
837 2062 914 2098 προ
944 2048 1017 2085 τοῦ
1039 2041 1220 2087 θανάτου
1246 2047 1300 2101 τῇ
1327 2047 1381 2099 γῇ
1404 2045 1685 2096 παραδίδοται·

255 2100 398 2150 Anony
401 2115 483 2139 mus
505 2102 605 2140 -Vita
641 2102 908 2153 Chrysostomi
942 2101 1045 2139 VIII.
1073 2103 1167 2143 336.
1194 2103 1260 2143 29.
1297 2100 1404 2138 unde
1430 2100 1551 2151 paulo
1571 2099 1686 2151 plura

257 2156 494 2206 exscribam,
521 2171 619 2209 quae
640 2158 750 2208 quasi
768 2158 947 2196 scholion
963 2156 1193 2195 vocabuli
1175 2153 1276 2207 ιερός
1291 2168 1372 2193 esse
1389 2161 1574 2221 possunt:
1603 2154 1687 2195 Εὖ-

255 2211 390 2278 ρίσκει
408 2210 519 2259 τινας
537 2234 593 2241 -
611 2211 685 2266 τὴν
714 2211 823 2267 ἴεραν
851 2211 1097 2279 καλουμένην
1117 2210 1409 2277 περικειμένονς
1423 2206 1565 2260 νόσον,
1592 2208 1685 2251 ταύ-

183 2303 186 2305 .
254 2282 326 2318 την
346 2264 420 2318 τὴν
425 2271 711 2334 προσηγορίαν
736 2285 806 2309 του
830 2265 1011 2309 τοιούτου
1033 2265 1218 2332 λαχόντος
1242 2264 1485 2318 νοσήματος,
1513 2281 1621 2319 παρα
1640 2282 1683 2306 το

254 2334 388 2362 πασαν
409 2320 674 2376 ἀνθρωπίνην
697 2337 908 2377 συμφοραν
927 2339 968 2364 τε
986 2322 1052 2363 καὶ
1072 2319 1266 2375 ἆλγηδὸνα
1288 2325 1416 2377 νικᾷν.
1470 2318 1583 2363 Οὕτω
1610 2337 1685 2375 γαρ

254 2378 322 2418 καὶ
350 2382 432 2426 τοῖς
459 2378 531 2427 ἐξω
552 2395 594 2419 το
624 2378 729 2432 ιερὸν
763 2378 851 2420 ἀντὶ
883 2377 1049 2432 μεγάλου
1080 2379 1358 2431 παρείληπται·
1389 2375 1491 2431 ἱερὸν
1514 2393 1588 2431 γαρ
1617 2393 1686 2417 και

255 2431 403 2498 ἰχθυνῖ
427 2431 493 2474 τόν
510 2434 631 2487 μέγαν
651 2436 785 2486 φασίν.
840 2436 1040 2473 Facillime
1059 2440 1189 2472 autem
1212 2433 1421 2485 propagari
1445 2433 1552 2472 huuc
1577 2446 1684 2470 mor-

253 2490 349 2527 bum
369 2490 424 2528 ait
441 2496 596 2540 auctor,
627 2487 857 2544 ἓρπυστικόν
877 2507 915 2531 τι
930 2488 1031 2531 εἶναι
1045 2489 1113 2530 καὶ
1130 2487 1387 2542 μεταβατικόν
1402 2488 1467 2530 ἐπὶ
1482 2503 1576 2536 τους
1593 2500 1684 2528 συν-

255 2544 483 2599 διαγοντας·
514 2546 604 2584 ideo
632 2560 678 2584 eo
708 2546 868 2584 affectos
893 2546 1060 2614 oppidis
1089 2546 1253 2597 expelli,
1289 2545 1509 2597 passimque
1539 2549 1683 2581 stratos

255 2616 338 2640 esse
357 2616 429 2654 per
449 2602 590 2641 itinera
612 2599 677 2642 οἷα
694 2617 859 2669 νεκρους
878 2598 1073 2652 ἄταφους,
1101 2616 1317 2669 κινουμενα
1337 2601 1520 2651 λείψανα,
1546 2595 1684 2651 ἕρπον-

255 2674 302 2697 τα
329 2670 583 2710 σκηνωματα,
613 2656 793 2711 λογικους
812 2654 1052 2709 ανθρωπους
1072 2655 1214 2709 φωνήν
1241 2654 1431 2707 ἀφιέντας
1457 2653 1682 2707 αναρθρον

255 2714 380 2764 iisque
409 2716 458 2751 S.
479 2714 799 2765 Chrysostomum
824 2714 951 2751 locum
982 2713 1169 2751 idoneum
1202 2711 1436 2751 concessisse
1468 2724 1556 2748 cum
1583 2723 1685 2761 aqua

257 2770 585 2819 pnaeterlabente,
615 2785 716 2823 προς
740 2767 784 2810 τὸ
809 2767 902 2816 τοὺς
929 2765 1010 2809 α’πὸ
1038 2771 1116 2809 τῶν
1142 2764 1373 2821 τραυμάτων
1398 2762 1685 2817 αποκαθαίρειν

257 2821 421 2878 ῥύπους.
478 2826 587 2874 Quae
608 2826 739 2865 omnia
755 2825 915 2865 minime
939 2825 1076 2864 cadere
1102 2823 1321 2863 videntur
1310 2837 1352 2861 m
1371 2821 1548 2861 homines
1576 2834 1662 2860 mor
