1754 2996
257 135 358 184 470
700 144 754 187 C.
781 145 827 189 B·
857 143 1011 189 HASII
1038 145 1243 190 NOTAE

260 260 430 298 quorum
456 247 534 285 hoc
548 248 694 299 filium
717 247 958 299 significare,
987 262 1071 288 non
1091 258 1274 302 patrem,
1310 249 1377 292 vel
1403 251 1539 306 pueris
1566 257 1704 290 notum

260 303 330 343 est.
375 304 584 357 Euripides
605 304 827 343 Heraclidis
844 307 951 348 326:
1294 329 1299 334 -

856 360 896 410 ἐξ
917 360 1074 402 ἐσθλῶν
1091 359 1135 402 δὲ
1159 359 1255 413 φῦς,

525 412 655 457 Ουδὲν
672 416 824 456 κακίων
841 433 1044 470 τυγχανεις
1060 433 1182 482 γεγως
1199 414 1361 472 πατρός.

256 472 412 511 Addam
436 485 485 511 ex
515 473 775 524 scriptoribus
804 473 996 524 prosaicis
1025 475 1300 513 auctoritatem
1325 472 1532 512 Heliodori
1561 473 1706 524 Theag.

249 532 354 571 177
372 529 416 566 Β.
433 544 532 580 προς
547 526 643 576 τούς
661 526 831 580 φύντας·
862 535 901 567 et
917 529 1122 568 Plutarchi
1142 531 1363 582 comparat.
1385 529 1531 580 Agidis,
1559 530 1706 568 Cleom.

255 590 296 622 et
317 584 483 623 Gracch.
501 588 598 627 796,
622 586 667 624 Α.
691 585 745 622 De
763 585 947 623 audiend.
966 590 1075 639 po'et.
1094 589 1162 629 36.
1174 587 1218 625 E.
1230 586 1356 639 (quod
1375 593 1435 624 est
1453 586 1584 624 nobile
1603 587 1706 636 frag·

220 642 433 679 Bmentum
461 640 717 693 Cresphontis
737 641 944 694 Euripidei
968 643 1027 681 ed.
1048 643 1205 681 Barnes.
1225 643 1276 684 11.
1299 641 1412 694 436.)
1442 642 1498 679 De
1515 643 1706 680 consolat.

253 696 305 734 ad
329 697 464 748 Apoll.
486 701 577 739 111.
594 699 637 737 Β.
666 697 758 735 Ideo
782 705 910 736 autem
930 698 1051 749 magis
1078 699 1221 748 miror,
1251 699 1293 736 in
1311 698 1389 736 hoc
1414 698 1535 736 verbo
1557 711 1708 737 enasse

251 753 447 803 Leonem,
483 753 592 805 quod
619 759 658 792 et
684 753 770 806 ipse
795 758 861 797 69.
891 755 931 794 G.
954 760 1060 793 recte
1086 754 1335 805 adhibuerit,
1364 754 1405 803 ἐξ
1438 750 1605 807 ἀσήμων
1634 753 1708 806 μὲν

253 805 359 859 φύς·
391 815 430 847 et
448 808 645 860 Agathias,
676 823 791 860 quem
809 810 957 848 imitari
974 816 1154 860 conatur,
1184 807 1318 862 φύντα
1333 824 1407 863 pro
1425 818 1567 848 natum
1586 824 1707 848 usur-

251 871 321 916 pet
343 865 410 908 65·
434 866 479 906 D.
501 861 684 916 φύσαντα
701 875 776 918 pro
787 880 870 917 par
871 874 955 904 ente
976 867 1068 909 147.
1091 867 1131 903 C.

366 920 469 961 Ibid.
498 924 557 959 lin
597 922 663 964 15.
700 926 785 970 τοῖς
811 922 1023 973 κειμένοις]
1063 922 1259 961 Nimirum
1286 923 1377 960 vita
1400 923 1585 973 functis,
1625 927 1708 971 τοῖς

253 976 570 1029 κατοιχομένοις·
601 991 651 1015 ex
670 977 836 1029 Agathia
853 981 919 1021 88.
940 980 983 1017 Β.
1748 1002 1751 1005 -

365 1035 474 1084 Pag.
506 1036 599 1076 120.
630 1034 701 1074 lin.
734 1037 799 1076 13.
824 1031 1103 1087 Ἀνδράλεστος
1123 1030 1177 1086 ἦν
1195 1032 1221 1076 o‘
1245 1032 1481 1088 Πατρίκιος]
1518 1029 1709 1088 Ἀδρᾶλε-

255 1102 344 1137 στος
365 1089 472 1140 apud
491 1089 703 1141 Scylitzam
727 1103 798 1128 ms,
815 1097 854 1128 et
875 1092 1038 1129 Cedren.
1058 1092 1106 1129 ΙΙ.
1128 1095 1222 1134 670.
1247 1090 1295 1129 Α.

369 1144 473 1184 Ibid·
504 1146 576 1185 lm·
607 1147 672 1189 15-
703 1142 1025 1199 ἀπροφασίστως]
1046 1147 1159 1186 Verti
1174 1147 1331 1184 subito.-
1361 1145 1586 1185 accuratius
1606 1145 1708 1184 suis-

249 1205 336 1250 set,
376 1201 495 1239 nulla
525 1215 653 1239 causa
684 1211 909 1254 apparente.
967 1203 1124 1250 Habent
1154 1199 1452 1257 ἀπροφάσιστος
1479 1208 1520 1240 et
1549 1202 1707 1241 adverb.

247 1254 560 1310 ’ἀπροφασίστως
580 1258 727 1310 passim
752 1259 880 1297 varias
907 1260 1153 1312 maximeque
1176 1260 1349 1298 divelsas
1377 1258 1708 1309 significationes·

253 1327 352 1365 quae
373 1327 463 1351 cum
485 1314 554 1351 vix
576 1328 599 1352 a
620 1328 819 1366 quoquam
839 1315 971 1354 adhuc
993 1313 1173 1369 (opinor)
1201 1288 1434 1368 explicatae&
1441 1315 1543 1363 sint,
1574 1314 1725 1366 dispo-A

251 1383 344 1407 nam
371 1369 439 1408 hic
462 1369 614 1427 aliquot
639 1371 884 1422 singularum
915 1373 1116 1439 exempla,
1154 1371 1486 1436 quemadmodum
1511 1369 1627 1408 aliam
1657 1384 1709 1408 ex

252 1427 327 1463 alia
342 1432 476 1464 natam
496 1426 686 1465 arbitror:
717 1425 776 1478 1.)
801 1423 1129 1481 Ἀπροφασιστος,
1151 1427 1331 1479 quodfit
1348 1429 1432 1465 sine
1453 1440 1602 1473 causa,
1631 1440 1707 1465 cu·-

251 1482 314 1520 ius
336 1479 552 1535 πρόφασις,
582 1481 660 1520 1100
684 1489 743 1520 est
766 1497 907 1532 causa,
936 1485 1001 1522 vel
1016 1497 1099 1522 non
1118 1489 1303 1551 apparet,
1332 1483 1399 1521 vel
1415 1483 1528 1520 nulla
1546 1489 1616 1523 est.
1667 1485 1706 1521 S.

253 1538 416 1589 Gregor.
441 1538 554 1590 NysS.
573 1538 620 1576 In
642 1536 867 1578 Ecclesiast.
890 1540 920 1579 Ι.
941 1540 1044 1583 402.
1071 1540 1117 1578 A.
1139 1539 1163 1580 ὅ
1183 1535 1483 1591 ἄπροφασιστος
1508 1537 1704 1591 γέλως,ο
1695 1537 1708 1553 ““

217 1591 353 1634 Ca‘vsv
378 1594 505 1642 αἰτίας
529 1594 1271 1663 θρῆνος.1Ιο1101101115Τ11033011.01
1299 1595 1415 1636 Char.
1445 1594 1537 1637 144.
1562 1595 1606 1633 Β.
1627 1591 1707 1647 βύ-

250 1646 347 1690 θιὸν
377 1667 415 1691 τι
449 1649 518 1690 καὶ
548 1647 853 1719 ἄπροφασιστον
879 1650 1112 1701 ἐπιστὲνων,
1152 1654 1238 1690 sine
1261 1652 1350 1689 ulla
1379 1664 1508 1689 causa
1535 1653 1707 1703 ingemi-

249 1703 926 1759 868η8.172.Α.οἶπροφασιστον
951 1704 1198 1777 αγρυπνίαν,
1240 1709 1445 1745 znsomnia
1475 1708 1562 1745 sine
1581 1721 1708 1745 causa

251 1770 479 1814 apparente.
515 1763 606 1815 Ipse
625 1764 702 1801 Leo
730 1770 867 1803 noster
895 1767 961 1807 76.
990 1765 1033 1805 B.
1060 1761 1135 1816 την
1159 1761 1462 1816 ἄπροφάσιστον
1497 1762 1565 1803 καὶ
1585 1759 1707 1803 αλλό-

251 1834 369 1859 κοτον
397 1818 598 1882 Ῥωμαίων
637 1817 795 1872 φυγήν,
839 1821 1070 1858 insolentem
1102 1827 1153 1857 et
1167 1822 1253 1857 sine
1289 1834 1415 1858 causa
1443 1820 1608 1869 factam
1630 1821 1706 1868 szc-

250 1886 373 1924 gamae
411 1875 515 1913 verti
542 1875 599 1913 ibi
631 1876 762 1914 minus
791 1883 986 1914 accurate.
1033 1877 1133 1914 Item
1169 1876 1277 1928 apud
1303 1875 1505 1914 Heliodor.
1534 1878 1630 1918 269.
1659 1876 1704 1913 B.

254 1944 548 1980 απροφασιστοι
569 1932 690 1972 αἰτίαι
707 1939 800 1971 sunt
817 1934 1092 1971 accusationes
1109 1932 1192 1970 sine
1210 1946 1348 1981 causa,
1375 1932 1418 1969 id
1438 1937 1495 1969 est
1515 1933 1704 1980 iniustae,

254 1992 298 2022 ut
322 1986 416 2028 304.
444 1987 485 2025 C.
506 1983 805 2055 α’προφᾶσιστος
824 1985 1017 2041 πόλεμος,
1047 1995 1086 2026 et
1110 1987 1217 2040 apud
1237 1990 1275 2027 S.
1297 1987 1416 2026 Basil.
1433 1986 1555 2039 Epist
1577 2000 1704 2025 Lxxx.
1716 2009 1718 2011 ·

253 2040 307 2082 Π.
341 2044 434 2083 900.
467 2043 511 2080 Β.
545 2039 846 2096 απροφοῖσιστον
871 2049 1000 2097 μῖσος,
1025 2044 1167 2082 odium
1201 2058 1284 2083 non
1311 2050 1394 2082 tam
1427 2044 1703 2092 inexcusabile,
1751 2040 1754 2071 ἓ

254 2097 581 2148 quemadmodum
613 2100 883 2138 Montacutius
916 2101 1196 2152 interpretatus
1226 2105 1305 2149 est,
1350 2113 1466 2150 quam
1504 2100 1705 2137 iniustum.

246 2153 337 2191 'sive
353 2154 473 2190 nulla
489 2154 537 2191 de
559 2169 688 2194 causa
703 2165 944 2208 susceptum.
983 2157 1049 2194 Sic
1066 2155 1169 2194 enim
1185 2156 1325 2193 melius
1345 2155 1509 2206 exponit
1526 2156 1705 2193 Leuven-

251 2208 380 2247 klaius
413 2209 482 2246 illa
512 2211 551 2248 S.
585 2212 698 2262 Greg.
722 2213 836 2264 Nyss.
857 2213 981 2281 Epist.
1002 2212 1052 2250 ad
1072 2211 1321 2252 Flaviau.11.
1346 2208 1598 2253 1077.A.10
1619 2209 1704 2251 αδι-

253 2261 325 2305 κὸν
350 2279 393 2304 τε
421 2264 491 2304 καὶ
517 2260 821 2319 α’προφάσιστον
851 2264 952 2308 καθ’
983 2267 1100 2320 ’ἡμῶν
1135 2272 1262 2320 μῖσος.
1310 2267 1552 2305 Adverbium
1583 2267 1705 2305 simili

255 2334 375 2359 sensu
401 2320 639 2360 Heliodorus
669 2325 764 2365 316.
799 2325 840 2363 C.
868 2325 917 2362 de
945 2324 1210 2372 cubicularia,
1253 2319 1578 2375 ἀπροφασίστως,
1618 2325 1704 2361 sine

256 2391 395 2424 causa,
424 2376 686 2417 introvocata
726 2377 780 2430 2.)
809 2375 1134 2433 Ἀπροφάσιστος,
1165 2379 1272 2431 quod
1287 2379 1334 2417 fit
1352 2380 1437 2416 sine
1453 2381 1702 2426 causatione,
1735 2384 1749 2397 ⁵

253 2433 331 2472 1100
358 2438 434 2483 est,
472 2433 557 2471 sine
585 2434 926 2502 tergiversatione,
963 2443 1141 2486 promte,
1187 2436 1390 2473 alacriter.
1433 2436 1472 2472 S.
1500 2435 1617 2472 Basil.
1647 2435 1704 2472 De
1748 2472 1751 2478 ,

254 2489 438 2541 baptism.
462 2489 494 2528 I.
523 2489 615 2532 646.
644 2490 690 2528 A.
722 2486 1035 2546 ἄπροφασίστῳ,
1074 2488 1267 2544 ταχυτάτη
1294 2506 1336 2531 τε
1365 2490 1435 2531 καὶ
1461 2491 1702 2542 μετεωρίστῳ
1753 2531 1754 2535 ,

217 2545 433 2615 Βῦπακοῇ.
488 2545 603 2583 Unde
629 2545 787 2584 Simeon
807 2532 1091 2597 metaphrastes
1116 2547 1206 2584 Vita
1230 2550 1268 2585 S.
1290 2546 1487 2598 Chrysost.
1515 2549 1609 2588 397.
1634 2548 1701 2588 37.
1750 2548 1754 2570 “·

253 2617 439 2652 υπακοην
466 2597 787 2670 απροφασιστον,
817 2609 857 2640 et
880 2602 1081 2640 Palladius
1112 2603 1202 2641 Vita
1225 2603 1396 2641 eiusdem
1424 2604 1492 2644 36.
1514 2602 1555 2651 C.
1580 2600 1703 2654 α’προ-
1746 2613 1754 2651 ’ς

253 2668 448 2707 φασιστον
469 2673 621 2710 ακοην,
643 2665 849 2709 promtam
869 2658 1140 2696 auditionem:
1168 2673 1261 2708 non,
1291 2672 1409 2696 aures
1429 2671 1575 2694 onusso
1595 2659 1704 2695 omni

248 2721 460 2764 praetexta
481 2713 820 2764 accommodatae,
850 2721 898 2752 ut
921 2715 1044 2753 vertit
1066 2715 1254 2765 Bigotius.
1295 2713 1422 2753 Possis
1450 2713 1565 2751 etiam
1591 2713 1703 2766 (opi-
1750 2710 1754 2745 ⁴.

233 2767 346 2819 1101·)
377 2768 459 2808 huc
483 2770 633 2809 leferre
657 2771 789 2810 locum
818 2770 992 2810 Philonis
1011 2772 1068 2809 De
1094 2771 1208 2822 legat.
1228 2770 1279 2809 ad
1298 2769 1434 2825 Cajum
1452 2772 1546 2812 796.
1568 2770 1612 2810 Β.
1633 2770 1703 2807 ubi
