1754 2996
271 133 374 181 502
724 139 773 205 C.
800 141 848 183 B
878 138 1031 183 HASII
1057 139 1256 183 NOTAE

274 247 356 285 τῶν
373 240 585 312 βαρβάρων
605 243 673 285 καὶ
696 243 843 291 ἷκανῶς
866 239 1086 310 ἓξερήμωτο
1099 271 1110 289 ,
1135 241 1181 284 ἐκ
1197 237 1374 310 βάθρων
1382 239 1519 284 αυτῶν
1533 242 1727 294 καταβαλ-

255 298 439 342 Βλοντων
456 316 503 341 τα
526 301 652 353 τείχη·
681 300 748 340 καὶ
768 296 855 340 τότε
876 296 1004 351 αρχὴν
1023 299 1121 351 ἐμοῦ
1140 314 1301 368 πρωτου
1317 296 1437 340 πάλιν
1453 298 1658 351 οἰκῆσαιῆ
1678 314 1727 338 τα

277 354 471 423 Κλήματα
501 355 828 423 διανοησαμένου.
886 352 1094 424 Τοιγάρτοι
1105 370 1317 423 φρουριον
1346 354 1421 407 μὲν
1443 370 1651 407 τοπρωτον
1680 354 1730 395 ἐκ

275 417 356 454 τῶν
379 409 549 453 ἐνόντων
578 408 856 478 ἐξῳκοδόμησα
882 407 982 463 παρ’
1014 426 1157 462 αυτην,
1189 426 1244 459 ως
1265 411 1310 452 ἐκ
1328 409 1469 452 τούτου
1491 411 1641 463 ῥαδίως
1659 409 1730 450 καὶ

269 485 348 521 την
365 466 487 520 manv
510 465 669 508 ἅπασαν
686 464 804 508 πόλιν
831 464 1195 518 οἰκισθήσεσθαι..
1215 496 1226 506 .
1280 467 1330 508 Η.
1357 480 1390 508 e.
1425 467 1598 506 Omnino
1623 468 1730 504 enim

272 532 369 563 tunc
395 524 581 562 barbaris
609 524 754 561 bellum
791 525 938 572 inferre
966 522 1236 561 decrevimus:
1275 529 1372 573 aut,
1407 524 1446 560 si
1471 537 1566 560 vera
1601 523 1731 571 fateri

274 588 436 632 oportet,
467 582 698 617 recessimus
716 580 767 617 ab
789 580 876 617 illis
896 587 1012 629 metu,
1043 594 1090 617 ne
1108 581 1188 630 ipsi
1203 580 1361 630 priores
1384 579 1436 616 ab
1456 580 1510 616 iis
1530 580 1730 630 opprime-

274 651 430 686 remur,
459 638 753 688 statuimusque
774 638 828 673 iis
861 644 1060 687 quantum
1068 649 1276 686 possemus
1303 648 1537 687 repugnare.
1591 633 1731 686 Aeque

276 695 382 731 enim
404 694 610 730 universos
636 691 881 744 diripiebant
901 692 1235 729 inhumanissime
1260 698 1297 728 et
1319 689 1648 743 pessundabant,
1682 697 1730 728 ut

276 747 477 801 quaedam
493 748 650 786 belluae
677 751 723 786 in
742 762 873 785 omnes
900 750 1092 800 impetum
1105 749 1320 797 facientes,
1377 747 1510 785 Nulla
1544 746 1611 784 liis
1628 747 1730 783 'ine-

275 812 344 843 rat
361 805 426 843 vel
443 818 539 856 erga
567 806 916 843 coniunctissimos
944 805 1211 852 continentia,
1251 817 1333 849 nec>
1348 805 1503 842 ratione
1538 803 1628 840 ulla
1654 809 1730 840 aut

274 863 376 899 iusti
391 860 622 898 discrimine
646 863 690 898 in
712 858 927 911 patranda
954 858 1072 898 caede
1094 859 1279 897 volebant
1314 861 1401 896 uti-.-
1435 857 1508 896 sed
1521 859 1730 909 Mysorum

265 915 501 969 praedam,
519 916 631 967 quod
647 919 766 954 aiunt
778 945 788 965 ‚
819 918 1001 968 ipsorum
1024 918 1222 967 regionem
1240 913 1402 953 reddere
1431 914 1539 955 malo
1558 928 1610 952 ac
1633 928 1730 966 per-

270 975 423 1011 nicioso
441 973 609 1010 consilio
631 972 943 1011 meditabantur.
985 974 1223 1012 Evanuerat
1240 973 1422 1023 superior
1439 984 1576 1009 eorum
1591 971 1732 1021 aequi-

272 1037 339 1066 tas
362 1035 397 1065 et
416 1029 607 1067 iustitia:
635 1043 738 1080 quas
753 1030 970 1093 praecipue
987 1029 1154 1067 colentes
1175 1036 1342 1080 tropaea
1362 1026 1533 1065 antehac
1550 1028 1730 1065 maxima

270 1091 518 1133 statuerant,
564 1083 663 1122 adeo
700 1092 746 1122 ut
783 1086 966 1123 civitates
993 1091 1031 1121 et
1059 1092 1197 1137 gentes
1231 1085 1338 1122 ultro
1375 1081 1599 1121 accederent
1628 1082 1727 1120 illis.

275 1140 506 1179 Gliscebant
518 1153 636 1189 nunc,
656 1154 760 1192 quae
770 1142 876 1179 velut
895 1158 913 1179 e
919 1140 1204 1193 perpendiculo
1215 1137 1569 1192 (quemadmodum
1585 1136 1728 1189 aiunt)

271 1210 300 1234 a
321 1196 542 1233 virtutibus
568 1197 655 1233 illis
686 1196 864 1246 distant,
875 1198 1102 1236 iniustitia
1124 1204 1160 1235 et
1195 1197 1502 1247 intemperantia
1533 1193 1730 1232 adversus

271 1251 481 1290 subditos:
508 1266 632 1303 neque
651 1266 795 1290 ornare
818 1260 854 1290 et
880 1268 924 1292 ex
948 1268 989 1291 re
1021 1254 1204 1305 ipsarum
1232 1251 1523 1291 administrare
1547 1252 1738 1288 civitate-⁹.

272 1307 485 1345 dedititias
496 1337 506 1356 ,
536 1307 609 1344 sed
624 1307 799 1361 redigere
821 1311 865 1347 in
880 1312 1109 1348 servitutem
1135 1316 1172 1346 et
1190 1307 1409 1346 exscindere
1426 1308 1734 1346 constituerant,

274 1364 566 1415 Conquerentes
586 1362 634 1401 de
667 1364 842 1403 dominis
865 1366 1042 1415 incolae,
1072 1379 1187 1416 seque
1215 1364 1324 1402 nihil
1350 1363 1455 1402 mali
1483 1363 1728 1400 commisisse

272 1418 431 1471 liquido
449 1418 773 1470 demonstrantes,
795 1420 903 1460 nilzil
919 1421 1097 1472 amplius
1105 1420 1381 1473 proficiebant,
1403 1432 1528 1471 quam
1544 1426 1590 1456 ut
1604 1425 1728 1456 morte

273 1490 354 1514 non
374 1476 639 1527 afficerentur.
688 1478 738 1522 ⁸V
732 1479 768 1514 is
785 1479 980 1516 nimirum
1001 1484 1119 1515 tanta
1140 1477 1338 1514 malorum
1355 1477 1574 1526 ingruerat,
1604 1481 1651 1511 ut
1666 1488 1730 1511 res

272 1531 476 1569 humanae
495 1533 617 1583 quasi
633 1535 760 1570 ruina
783 1539 858 1569 aut
879 1533 1073 1584 vor‘agine
1103 1533 1248 1583 aliqua
1275 1533 1487 1583 inopinata
1519 1543 1570 1568 ac
1593 1529 1730 1579 fatali

263 1588 477 1639 perculsae
501 1588 741 1640 obrutaeque
757 1589 999 1628 horrendum
1032 1590 1076 1626 in
1108 1587 1272 1626 modum
1299 1586 1539 1625 viderentur.
1578 1586 1729 1624 ,Erant

272 1645 481 1681 exinanita
498 1643 728 1683 hominibus
747 1645 897 1696 oppida
911 1646 1011 1696 plus
1033 1646 1090 1694 X,
1111 1645 1219 1695 pagi
1231 1643 1356 1695 plane
1380 1642 1525 1681 deserti
1547 1655 1625 1681 non
1645 1643 1728 1687 mi-

273 1714 349 1737 nus
363 1701 615 1751 quingentis:
643 1703 874 1739 vicinitates
892 1701 1062 1751 denique
1081 1707 1118 1737 et
1133 1700 1308 1751 confinia
1328 1698 1469 1738 nostra
1493 1698 1601 1737 velut
1626 1704 1729 1735 tem-

265 1763 424 1807 pestate
446 1756 735 1796 obruebantur.-
764 1759 917 1795 incolae
948 1759 1192 1804 innocentes,
1223 1757 1362 1806 pactis
1390 1755 1540 1793 iuratis
1568 1752 1726 1800 traditi,

273 1811 464 1850 manibus
478 1812 821 1851 obtruncabantur
834 1811 1068 1866 gladiisque
1083 1811 1311 1850 hostilibus.
1344 1807 1648 1864 (11.)Eiusmod1:
1655 1823 1728 1860 pe·-

272 1874 401 1922 stem,
426 1871 647 1919 generatim
677 1883 810 1907 omnes
835 1872 974 1908 misere
998 1869 1316 1916 conculcantem,
1352 1880 1444 1904 cum
1469 1863 1728 1916 aliquamdiu

268 1936 343 1972 per
359 1924 540 1971 infelices
557 1928 816 1963 conterminos
826 1934 984 1963 nostros
1001 1924 1306 1972 obambulasset,
1321 1930 1522 1974 postremo
1539 1919 1729 1972 adprae-

274 1977 428 2015 sidium
443 1993 571 2017 meum
591 1994 746 2032 quoque
757 1983 936 2031 fortuna
954 1982 1103 2031 infesta
1123 1978 1307 2017 adduxit.
1365 1979 1501 2029 Quam
1522 1978 1622 2028 quia
1642 1978 1728 2014 iam

274 2034 448 2070 antehac
467 2050 575 2073 eram
592 2039 756 2086 veritus,
782 2039 827 2076 in
844 2050 997 2101 magna
1017 2050 1116 2074 cura
1135 2034 1337 2084 versabar,
1365 2048 1414 2072 ne
1432 2033 1628 2071 accideret
1646 2034 1726 2069 im-

268 2091 446 2140 provise,
468 2105 536 2127 nec
554 2093 698 2130 latente
702 2095 858 2144 impetu
877 2094 1063 2131 continuo
1083 2106 1144 2129 res
1158 2098 1323 2128 nostras
1336 2095 1527 2128 everteret.
1554 2086 1725 2137 Deinde,

275 2144 348 2182 ubi
359 2148 620 2196 perspicuum
638 2147 782 2199 aderat
799 2164 874 2201 pez
865 2149 1054 2197 iculum
1083 2150 1290 2197 omnesque
1302 2146 1449 2196 palam
1457 2143 1724 2208 fatebantur,

277 2201 323 2238 in
341 2200 555 2241 discrimen
573 2217 646 2240 nos
660 2207 767 2242 vitae
790 2208 959 2252 venisse,
989 2217 1059 2255 ego
1078 2210 1176 2240 tunc
1195 2200 1358 2253 quidem
1368 2202 1586 2252 perniciem
1601 2212 1725 2251 quam

275 2258 483 2308 aptissime
493 2265 609 2308 poter
611 2272 677 2296 am
695 2262 838 2311 repuli,
870 2261 1057 2313 quamvis
1077 2260 1118 2296 in
1137 2265 1352 2295 extremum
1361 2270 1490 2308 paene
1500 2255 1726 2307 periculum

275 2311 491 2351 adductus.
553 2314 702 2352 Verum
723 2316 816 2354 inde
835 2317 1021 2368 abruptis
1045 2315 1288 2352 commerciis
1308 2314 1456 2352 bellum
1471 2313 1586 2351 inter
1597 2325 1670 2349 nos
1687 2314 1725 2347 et

271 2368 467 2406 barbaros
485 2376 617 2407 ortum
636 2377 703 2420 est,
733 2374 776 2409 in
798 2387 874 2425 quo
891 2385 1013 2423 neque
1030 2370 1379 2416 communicabant
1394 2368 1571 2419 amplius
1586 2366 1724 2406 nobis-

276 2437 372 2461 cum
391 2422 571 2476 (tametsi
587 2429 796 2464 sexcenties
819 2427 867 2466 de
884 2426 1166 2478 composicione
1190 2424 1248 2464 ad
1262 2426 1354 2463 illos
1381 2421 1626 2475 mittebam),
1654 2431 1730 2459 nec*

276 2483 362 2517 sine
371 2482 545 2532 praeliis
560 2484 712 2520 mutuis
733 2497 795 2521 res
817 2491 936 2535 gesta
954 2489 1023 2520 est.
1079 2481 1146 2520 Ita
1170 2481 1319 2519 bellum
1346 2481 1531 2518 continuo
1563 2479 1722 2525 exarsit,

277 2535 601 2588 impendebatque
626 2537 775 2576 hiems:
810 2554 908 2576 non
918 2538 1090 2576 multum
1115 2539 1237 2574 enim
1246 2551 1302 2576 a.
1323 2536 1418 2574 ‚sol
1441 2534 1590 2572 aberat.
1645 2530 1728 2570 Sed

277 2592 453 2643 barbari,
483 2601 713 2644 comparato
735 2596 867 2646 amplo
889 2595 1078 2641 exercitu,
1108 2606 1201 2630 cum
1219 2591 1422 2644 equitibus
1446 2588 1748 2642 militibusque

279 2650 323 2685 in
346 2651 544 2700 regionem
565 2656 745 2689 nostram
768 2652 1019 2703 irruperunt,
1049 2661 1121 2686 nos
1151 2655 1342 2687 momento
1372 2652 1645 2698 expugnatum
1669 2645 1724 2681 iri

322 2768 360 2812 *)
384 2768 427 2803 F.
452 2769 602 2806 scribere
624 2770 732 2807 voluit
754 2770 911 2813 οἰκίσαι,
939 2771 1139 2805 instaurare,
