1734 3028
339 545 583 596 INDEX
614 546 1075 599 EDITIONUM
1105 551 1135 584 *

52 666 380 710 scurronum
405 669 519 711 sm:
548 671 830 711 camum
858 672 975 715 sm:
1003 660 1432 728 cumsrmonum',

657 798 824 827 nullus

17 888 61 924 C.
82 888 125 925 Β.
146 889 317 925 ΗΔ8ΠῘΒ
337 889 393 926 ΙΝ
414 891 563 927 No'ns
592 893 878 929 SCRmENms
901 894 1181 939 ‚PRAECIPUE
1202 895 1327 932 USUS
1349 896 1458 934 Rs'r.

14 1152 243 1226 Aenum
270 1187 419 1227 Tarius
438 1189 496 1228 De
518 1188 717 1228 amoribus
735 1183 1001 1243 Clitophonfi's
1034 1196 1075 1229 et
1097 1191 1335 1245 Leucippes,
1365 1206 1455 1232 cum
1478 1204 1517 1238 Ρ,
1539 1201 1606 1238 273

71 1244 175 1281 notis
198 1244 257 1282 el.
277 1245 468 1284 salmasii.
491 1246 670 1296 Lngdun.
693 1246 827 1285 Batav.
850 1247 970 1289 1640.
993 1250 1058 1289 16·

13 1298 244 1349 Acamans,
272 1301 316 1339 F.
336 1301 495 1352 Seirim,
523 1302 832 1354 Oneirocritica,
868 1315 959 1340 cum
986 1302 1137 1341 Nicolai
1156 1302 1315 1354 Rigaltii
1342 1304 1458 1344 notis.

57 1355 268 1409 intenae,
298 1359 418 1399 1603.
435 1357 475 1399 4.

14 1410 183 1449 Arnum
200 1411 317 1450 Varia
332 1411 510 1463 historia,
530 1419 693 1451 curante
710 1413 1115 1463 Gronovio.Lugdun.
1126 1414 1263 1452 Batav.
1279 1416 1400 1456 1731.
1416 1415 1457 1457 4.

13 1465 224 1506 Asso-uma
239 1468 431 1507 Socratici
445 1469 594 1519 Dialogi
614 1476 693 1507 tres
708 1482 855 1521 graece.
886 1469 1064 1509 Tertium
1081 1469 1205 1508 edidit
1215 1469 1298 1508 loh.
1306 1470 1337 1507 F
1337 1471 1456 1509 rider.

69 1521 289 1564 Pischerns.
308 1524 484 1576 Lipsiae,
514 1527 634 1567 1786.
664 1527 704 1566 8-

13 1578 192 1617 Aen-m
211 1579 367 1618 diaconi
383 1581 588 1632 Expositio
610 1581 782 1632 capitum
799 1582 1152 1634 paraeneficorum,
1181 1594 1316 1633 graece
1334 1586 1373 1618 et
1388 1581 1455 1620 lat.

69 1648 120 1672 ex
156 1635 384 1673 recensione
412 1637 525 1678 Mart.
553 1637 792 1688 Hayneccii,
830 1637 874 1675 in
908 1637 1139 1677 Enchiridio
1182 1637 1313 1676 ethico
1347 1636 1456 1675 edito

69 1690 244 1741 Lipsiae,
275 1694 396 1734 1600.
415 1695 454 1734 8.
1407 1732 1410 1734 ,

12 1745 279 1786 Armanas-1³
301 1747 510 1798 Epistulae,
536 1761 627 1785 cum
646 1747 835 1800 Stephani
855 1748 1028 1798 Bergleri
1047 1747 1326 1788 commentario
1347 1747 1456 1786 inte-

71 1816 141 1852 gro
163 1808 203 1840 et
217 1802 321 1840 notis
335 1804 366 1841 Ι.
386 1803 432 1841 Δ.
446 1805 626 1854 Wagner.
652 1803 819 1855 Lipsiae,
850 1806 969 1847 1798.
986 1806 1025 1846 8.
1408 1847 1412 1851 ,

16 1858 261 1899 Animum
282 1859 499 1897 monachus
522 1861 577 1897 De
602 1859 829 1898 inventione
849 1861 888 1899 S.
917 1859 1075 1909 Crucis,
1103 1859 1243 1898 Iacobo
1272 1859 1456 1898 Gretsero

50 1914 297 1966 interprete.
351 1915 602 1965 ingolstadii,
633 1918 753 1958 1620.
780 1918 822 1957 8.

15 1969 233 2009 Ammmns
253 1971 466 2009 monachus
487 1972 541 2009 De
569 1971 687 2009 caede
716 1970 1000 2009 monachorum
1029 1970 1289 2019 Sinaftarum,
1326 1968 1458 2008 editus

73 2041 97 2064 a
112 2027 154 2065 F.
170 2027 414 2076 combefisio,
442 2041 522 2065 una
539 2041 630 2065 cum
646 2027 736 2065 Vita
752 2029 818 2065 SS.
834 2026 1034 2065 Eustachii
1052 2033 1091 2064 et
1102 2026 1332 2078 Theopistes
1346 2037 1457 2063 uxo-

71 2082 150 2132 ris,
179 2088 220 2120 et
249 2096 336 2122 cum
364 2084 474 2122 Actis
502 2085 540 2122 S.
562 2081 739 2130 Phileae,
779 2082 885 2121 Petri
914 2082 1196 2131 Alexandrini,
1232 2080 1458 2121 'theodotae

71 2138 287 2188 Nicaenae,
317 2139 496 2179 Silvestri
509 2139 696 2189 Romani,
726 2145 799 2180 etc.
818 2138 998 2188 Parisiis,
1028 2141 1149 2181 1660.
1171 2140 1214 2181 8.

62 2242 82 2264 ¹⁸¹
104 2237 283 2272 Eiusmodi
306 2238 455 2279 indices,
477 2237 626 2283 quamvis
642 2237 897 2272 afamilian‘bus
910 2236 1105 2282 quibusdam
1128 2236 1212 2271 meis
1237 2247 1304 2270 non
1320 2234 1456 2269 nimium

108 2283 288 2336 probatos,
311 2284 371 2317 vix
393 2288 505 2318 tamen
527 2284 647 2318 abesse
671 2295 772 2327 posse
798 2283 946 2317 arbitror
971 2283 1014 2316 ab
1029 2284 1094 2317 hoe
1109 2293 1235 2327 genere
1255 2281 1456 2325 scripturae,

107 2339 144 2361 m
162 2328 307 2372 gratiam
323 2329 652 2373 Lexicograpborum
671 2329 794 2373 partim
818 2333 998 2372 suscepto:
1021 2328 1178 2373 quodque
1201 2338 1304 2371 saepe
1327 2325 1457 2377 nitatur

108 2373 372 2407 auctoritatibus
398 2374 544 2408 labentis
570 2374 740 2408 Graeciae
767 2380 869 2418 atque
892 2374 1083 2407 inclinatae.
1130 2374 1226 2413 Quas
1254 2371 1285 2404 si
1314 2380 1388 2414 quis
1412 2367 1458 2401 ad

107 2419 267 2452 trutinam
283 2430 445 2453 revooere
461 2419 570 2453 denuo
588 2419 685 2460 velit,
707 2431 770 2453 nae
787 2419 845 2453 ille
863 2419 936 2452 sine
948 2419 1079 2460 indice,
1104 2418 1211 2464 qualis
1228 2420 1280 2450 est
1296 2416 1361 2448 huc
1376 2424 1458 2446 con-

107 2464 218 2498 iectus
241 2464 332 2508 (quo
353 2464 623 2508 subsequentium
648 2464 748 2498 etiam
773 2465 855 2498 voll.
880 2464 1025 2498 lectores
1046 2465 1177 2498 referre
1202 2473 1240 2494 se
1267 2458 1459 2505 poterunt),

107 2509 246 2543 multum
262 2509 388 2543 laboris
404 2513 439 2542 et
450 2520 575 2553 operae
591 2509 783 2543 volutandis
798 2509 896 2543 libris
907 2510 1036 2544 frustra
1050 2510 1222 2543 consumat
1239 2515 1377 2555 necesse
1391 2507 1456 2535 est.

107 2554 295 2588 Praeterea
317 2565 504 2595 monemus,
538 2554 592 2598 1.)
613 2555 801 2599 scriptores
827 2554 992 2589 historiae
1020 2553 1229 2599 Byzantinae
1258 2550 1366 2602 sicubi
1383 2547 1459 2600 laq-

108 2598 230 2634 dentur
252 2599 383 2643 (veluti
406 2599 589 2643 Agathias,
612 2601 709 2633 Anna
722 2600 909 2640 comnena,
934 2599 1130 2638 cedrenus,
1160 2597 1331 2638 Georgius
1353 2592 1460 2625 Codr-

109 2655 194 2685 nns,
225 2645 368 2679 Nicetas
394 2643 596 2685 onomata,
629 2645 907 2690 Theophylactus
929 2645 1136 2682 Simocatta‚
1160 2641 1333 2679 Zonaras,
1355 2637 1461 2691 eta),

110 2689 282 2724 adeundas
298 2700 429 2734 semper
447 2701 522 2722 esse
532 2689 699 2723 editiones
715 2691 842 2734 Regias
854 2689 1015 2733 Corporis
1029 2685 1229 2730 Byzantini3
1251 2684 1306 2727 2.)
1316 2686 1462 2727 scripto-

108 2745 166 2768 r&
179 2735 340 2775 issedltosv
362 2734 487 2778 quibus
501 2733 552 2767 usi
569 2734 684 2777 simus,
705 2735 852 2771 inveniri
869 2734 959 2769 infra
975 2734 1012 2767 in
1026 2731 1143 2766 Indice
1156 2730 1278 2771 altero,
1301 2729 1463 2762 subfvooe

112 2780 256 2816 baedita.
296 2782 336 2816 C.
361 2781 405 2816 B.
426 2780 608 2816 HASIUS.
