1760 3034
421 125 482 168 ΙΝ
507 122 828 169 THEODOSII
854 124 1161 170 ACROASES.
1408 120 1513 169 551

126 259 130 262 ⁴
179 224 336 280 Πόλεις]
367 225 507 277 Πύλας
532 228 694 281 scripsit
715 228 872 268 Codicis
890 228 1097 279 librarius,
1125 230 1262 283 sicque
1285 232 1337 271 ad
1361 232 1446 272 eius
1462 232 1514 272 fi-

63 282 153 323 dem
170 284 295 323 edidit
317 285 546 334 Cornelius;
576 299 649 324 nos
674 281 810 333 πόλεις
829 285 1133 326 emendavimus.

175 343 244 384 32.
271 339 481 394 ῗΗρακλῆς]
511 342 643 390 Quum
677 342 903 380 Laomedon
930 341 1070 381 Troiae
1094 343 1251 381 moenia
1274 343 1409 383 moliri
1435 351 1512 383 sta.

62 395 214 445 inisset,
234 397 462 449 Neptunum
476 403 515 436 et
538 393 766 449 Apollinem
787 397 836 435 ad
855 411 954 449 opus
974 404 1090 450 pacta
1108 399 1288 438 mercede
1307 400 1512 451 conduxit,

62 465 181 504 quam
209 460 346 505 postea
375 454 600 492 Laomedon
624 454 848 507 persolvere
868 454 1087 504 recusavit,
1118 469 1194 507 qua
1221 456 1271 494 de
1290 470 1335 494 re
1356 457 1511 509 Neptu-

59 522 138 547 nus
166 509 226 546 ira
248 509 421 561 percitus
442 525 586 559 omneS,
615 517 661 549 ut
683 511 812 561 inquit
844 510 1013 548 Ovidius
1037 511 1131 551 Met.
1152 513 1227 551 lib.
1247 512 1318 551 Xt.
1343 526 1384 554 v.
1412 517 1509 562 207,

60 565 275 602 inclinavit
297 580 429 618 aquas
449 566 508 603 ad
527 581 678 604 avarae
698 567 838 604 littora
867 568 1029 604 Troiae:
1056 581 1183 619 neque
1197 567 1278 606 hoc
1299 575 1509 608 contentus

58 620 269 660 Hesionem
287 635 470 674 quoques
495 623 770 660 Laomedontis
789 622 911 660 filiam
940 629 979 661 et
1013 622 1158 662 Priami
1194 638 1389 676 sororem,
1421 632 1508 664 celo

59 677 320 716 obiiciendam
347 678 552 732 poposcit,
582 692 701 730 quam
728 677 837 716 dura
865 677 926 716 ad
950 693 1053 717 saxa
1083 682 1300 718 revinctam
1321 681 1510 720 Hercules

55 733 249 773 liberavit.

168 790 236 833 34
271 793 354 831 ΤοῦΙ
370 786 514 854 πυρός]
542 790 736 830 Vitiosum
757 803 839 828 esse
857 790 936 829 hoc
954 792 1118 830 verbum
1138 791 1332 837 arbitror.
1362 805 1408 831 ac
1429 806 1509 845 po-

56 846 140 884 tius
169 847 380 898 legendum
396 843 536 900 θηρός.
593 846 779 897 Meleagri
798 847 970 885 fabulam
984 877 995 897 ‚
1025 849 1093 899 qui
1115 848 1282 899 patriam
1305 861 1414 887 suam
1434 850 1510 887 Ca·-

55 903 245 954 lydonem
278 903 326 941 ab
354 903 516 941 immani
551 903 623 941 illo
653 917 771 955 apro,
794 916 816 940 a
843 904 968 941 Diana
998 904 1149 942 vindici
1176 905 1306 942 animo
1332 904 1508 943 immisso

56 965 265 1010 totumque
284 973 448 1010 regnum
466 965 688 1008 evastante,
719 959 928 1009 liberavit,
966 961 1059 998 satis
1087 974 1221 998 omnes
1251 965 1507 1011 cognoscunt.

57 1015 148 1054 Non
170 1016 268 1054 adeo
291 1023 420 1054 autem
443 1029 485 1053 se
504 1015 702 1068 praeclare
723 1015 887 1066 gessisse
910 1015 967 1054 ait
982 1016 1240 1067 Meleagrum,
1268 1017 1364 1055 dum
1385 1018 1506 1056 feram

56 1071 171 1109 illn‘m
189 1072 412 1120 interfecit,
440 1077 487 1110 ut
514 1073 714 1110 Romanus
741 1071 863 1122 Imp„
894 1085 962 1110 seu
979 1073 1113 1124 potius
1139 1072 1407 1124 Nicephorus,
1437 1073 1507 1124 qui

56 1129 252 1166 mundum
275 1128 506 1166 universum
531 1142 553 1165 a
581 1129 719 1166 Cretae
748 1133 941 1179 tyranno,
970 1129 1147 1180 regiones
1177 1143 1312 1167 omnes
1336 1130 1509 1181 praeda-

55 1184 231 1222 tionibus
256 1184 474 1237 plurimum
500 1184 719 1235 affligente,
747 1183 977 1222 vindicavit.
1045 1184 1130 1236 [De
1159 1185 1376 1236 Calydonio
1410 1199 1507 1238 apro

56 1253 139 1278 non
159 1247 216 1278 est
234 1241 498 1291 cogitandum,
520 1253 596 1278 nec
614 1238 867 1278 sollicitanda
886 1240 1039 1279 Codicis
1059 1240 1192 1282 lectio.
1221 1242 1447 1294 Respicitur
1460 1242 1507 1281 Π.

55 1296 128 1335 ΙΧ.
145 1298 242 1340 589.
260 1298 355 1339 593.
383 1297 426 1337 F.
447 1297 493 1348 1.]

168 1354 237 1394 36.
263 1349 425 1405 Ἀλωεῦ]
460 1352 576 1391 Alo'ei
604 1352 679 1391 filii
707 1352 806 1390 Otus
835 1358 874 1390 et
905 1350 1109 1403 Ephialtes
1138 1352 1311 1402 gigantes
1345 1352 1507 1390 Creten-

56 1422 132 1457 ses,
150 1415 195 1446 ut
213 1410 389 1479 loquitur
406 1409 672 1461 Apollodorus
689 1409 759 1447 lib.
778 1408 809 1447 I.
829 1421 915 1461 pag.
935 1409 1011 1457 15,
1030 1406 1207 1459 ’Έδησαν
1227 1406 1270 1447 δὲ
1287 1423 1353 1448 και
1357 1406 1505 1461 ’Ἄρην

56 1467 199 1506 τοῦτον
229 1463 302 1517 μὲν
329 1480 403 1506 ουν
431 1465 578 1518 Ἑρμῆς
603 1464 822 1515 ἐξέκλεψεν.
872 1465 999 1502 Marte
997 1477 1044 1500 m
1074 1466 1238 1515 insuper
1269 1466 1312 1501 in
1343 1465 1508 1503 vincula

57 1522 264 1570 coniecere,
293 1536 406 1572 quem
428 1521 586 1559 demum
606 1522 833 1559 alemanus
840 1521 966 1569 furto
995 1521 1167 1571 eripuit3
1194 1519 1291 1558 hinc
1319 1520 1506 1559 Claudia-

57 1590 132 1616 nus
151 1577 200 1617 de
219 1577 330 1616 Bello
350 1578 435 1617 Get.
459 1592 579 1625 carm.
597 1577 744 1616 XXVI.
771 1590 811 1615 v.
830 1580 895 1618 67.
917 1575 1081 1615 cecinit:

228 1646 344 1698 Quid
360 1650 506 1685 mirum
518 1678 530 1698 ,
560 1650 599 1684 si
615 1661 740 1699 regna
762 1647 879 1683 labor
897 1647 1088 1683 mortalia
1108 1645 1254 1683 vexat?

228 1705 328 1742 Cum
349 1706 500 1755 gemini
514 1705 690 1754 fratres,
710 1705 854 1753 genuit
873 1716 972 1754 quos
990 1716 1106 1753 asper
1122 1702 1289 1751 Aloeus,

225 1761 399 1798 stlartem
419 1759 674 1797 subdiderint
697 1759 867 1797 vinclis?

58 1830 137 1869 Sed
154 1844 250 1883 prae
272 1831 409 1869 ceteris
438 1844 571 1869 omnes
593 1829 667 1868 hos
686 1828 898 1868 Theodosii
923 1828 1142 1868 versiculos
1163 1828 1340 1866 illustrat
1356 1826 1505 1866 Home-

56 1900 125 1927 rus
143 1887 256 1925 Iliad.
279 1886 349 1925 lib.
370 1887 417 1925 V.
445 1900 485 1927 v.
507 1886 602 1929 385.
635 1885 704 1924 ubi
725 1886 802 1923 ait:

118 1961 203 2011 Τλη
223 1955 302 2027 μὲν
309 1955 447 2010 ”Αρης,
476 1971 538 1997 οτε
563 1971 630 2007 μιν
644 1951 764 2003 Ὦτος
784 1949 968 2007 κρατερός
987 1949 1027 1993 τ’
1043 1949 1272 2007 Ἐφιάλτης,

114 2016 266 2062 Παῖδες
291 2010 480 2082 Ἀλωῆος,
509 2013 635 2063 δῆσαν
654 2014 833 2066 κρατερῷ
850 2010 908 2051 ἐνὶ
934 2011 1085 2066 δεσμῷ·

116 2069 282 2111 Χαλκέω
303 2065 344 2110 δ’
367 2068 410 2109 ἓν
430 2066 589 2137 κεράμῳ
611 2067 741 2108 δέδετο
765 2067 1014 2124 τρισκαίδεκα
1034 2067 1184 2117 μῆνας·

117 2128 200 2167 Καί
217 2112 269 2167 νῦ
293 2141 363 2166 κεν
381 2121 473 2165 ἔνθ’
496 2120 685 2165 ἀπόλοιτο
694 2122 819 2174 ’Ἄρης
839 2125 932 2170 ἆτος
948 2121 1149 2176 πολέμοιο,

114 2183 173 2223 Εἰ
191 2199 244 2235 μη
273 2178 442 2246 μητρυιή
459 2178 696 2250 περικαλλής
717 2175 914 2248 Ἠερίβοια

103 2237 253 2309 Ἑρμέᾳ
273 2234 508 2302 ἐξήγγειλεν·
539 2253 560 2278 ο
581 2232 623 2276 δ’
643 2234 848 2286 ἐξέκλεψεν
871 2231 994 2303 Ἀρῆα

103 2292 218 2345 ”Ηδη
235 2290 478 2347 τειρόμενον·
508 2290 672 2345 χαλεπὸς
692 2291 735 2332 δέ
756 2291 774 2332 ἓ
793 2288 929 2344 δεσμὸς
949 2286 1117 2344 ἐδαμνα.

115 2367 273 2404 Passus
313 2369 370 2400 est
402 2361 565 2415 quidem
603 2363 743 2411 Mam,
773 2359 936 2414 quando
977 2363 1114 2414 ipsum
1153 2361 1258 2401 Otus
1303 2362 1506 2413 fortisque

818 2417 1033 2469 Ephialtes

117 2475 219 2513 Filii
234 2472 354 2511 Αῐυὲἱ
368 2475 595 2526 ligaverunt
614 2473 768 2515 validis
785 2475 973 2515 vinculis.

114 2532 240 2570 Aereo
263 2538 396 2568 autem
414 2533 456 2569 in
474 2545 626 2569 carcere
640 2531 898 2583 ligatusfuit
917 2529 1104 2568 tredecim
1122 2540 1286 2567 menses:

115 2586 168 2625 Et
187 2585 347 2638 quidem
366 2587 425 2624 ibi
433 2590 619 2638 periisset
634 2589 750 2626 Mars
776 2587 1025 2625 insatiabilis
1046 2586 1152 2633 belli,

120 2644 215 2681 Nisi
236 2656 404 2682 noverca
413 2643 662 2695 perpulchra
675 2644 870 2682 Eeriboea

118 2699 320 2738 Mercurio
341 2698 452 2737 illud
468 2698 709 2738 indicasset.
737 2700 804 2739 hic
822 2699 1121 2748 autemsurtim
1143 2692 1349 2743 subduxit,

124 2755 211 2794 lam
229 2754 337 2794 dura
354 2756 457 2794 enlm
480 2757 612 2809 ipsum
632 2757 796 2796 vincula
820 2756 922 2807 cons
908 2755 1090 2794 cubant

1526 2527 1601 2563 Col.
1626 2530 1648 2562 2
