1754 2996
363 172 423 217 IN
452 170 661 217 LEONIS
684 171 925 217 DIACONI
949 171 1049 216 LlB.
1078 172 1151 216 IX.
1363 165 1464 218 483

10 277 151 317 Nune
173 278 314 316 mona
339 289 430 314 mea
455 276 623 314 turbata
645 283 723 325 est,
750 274 941 320 11.1286.
967 274 1017 319 A.
1047 270 1143 317 ω’δὶ
1172 271 1271 317 ὅσον
1301 269 1466 318 ὄκλᾶσω

23 331 102 386 τήν
118 337 229 387 χεῖρα
243 347 320 385 την
342 331 601 385 ήνιοχοῦσαν·
632 333 715 371 Nec
733 339 932 383 quantum
946 339 1005 370 est
1017 334 1152 384 ipsam
1165 345 1352 383 nimum,
1380 347 1467 386 qua

22 390 150 440 regit,
178 390 384 442 inflectere.
441 388 623 440 denc,
651 402 700 426 ne
715 388 923 427 tantillum
945 387 1106 440 quidem
1123 402 1291 427 manum
1308 398 1413 441 quae
1430 404 1466 429 r.

21 444 240 497 inflectere.-
267 445 313 484 id
330 443 436 484 enim
451 445 585 493 valere
602 457 721 484 voces
741 440 877 487 οὕδὲ”
851 456 951 486 οσον
945 402 1034 485 qvel
1046 443 1244 486 tironibus
1264 458 1373 484 nunc
1390 459 1464 485 no-

19 506 108 541 tum
125 504 198 540 est.

135 555 239 597 lbid.
268 554 356 595 ead.
384 557 455 595 lin.
483 559 541 612 τῷ
559 552 703 624 ἆθρόω
724 558 798 623 τῆς
816 551 1012 611 ἅγγελίας]
1039 555 1165 596 Habet
1180 556 1326 610 passim
1339 556 1464 609 sigui·

21 612 225 652 ficationes
243 612 426 651 difficiles
440 598 626 651 neutrum
643 608 813 664 α’θρόον.
848 612 992 651 Velut
979 626 1023 650 ιιι
1037 612 1127 651 loco
1140 612 1393 664 Hermogenis
1413 612 1464 652 ab

21 668 208 708 Erue-tio
234 669 367 709 Lexic.
384 667 535 708 rhetor.
561 681 645 707 non
664 668 883 717 illustrato,
914 669 970 708 De
986 668 1215 708 inventione
1241 669 1308 713 94.
1325 669 1376 710 Β.
1393 668 1466 709 ubi

0 721 2 766 ἒ
23 725 251 776 exponitur,
278 724 437 764 tertiam
450 723 645 763 rationem
661 723 814 762 exordii
830 737 901 776 per
915 724 1225 776 hypodiaeresim
1239 716 1464 774 inveniendi

0 791 2 837 ᾗ
22 781 133 818 illam
153 793 234 819 esse
252 793 352 832 quae
367 772 588 832 appelletur
608 777 653 820 τὸ
675 775 830 831 ἀθρόου
849 777 950 832 πρός
966 796 1011 820 το
1026 780 1167 845 μέλλον
1181 768 1464 849 infimiorem-

0 858 1 863 =
21 835 174 875 Deinde
200 836 339 903 paucis
359 836 599 875 interiectis:
627 839 705 876 Δεῖ
730 834 774 875 δὲ
795 833 839 877 τὸ
855 838 930 876 τοῦ
952 831 1115 904 ἀθρόου
1134 833 1236 889 πρός
1258 851 1303 877 το
1323 835 1466 888 μέλλον

19 896 154 933 ποιεῖν
173 906 285 942 ποτε,
314 907 411 932 οταν
431 888 461 944 ἦ
475 907 520 932 το
545 887 804 959 μηδειιταιποτε
822 906 994 961 γεγονος
1002 894 1118 932 τοῦτο
1138 889 1297 944 συμβὰν
1314 908 1369 943 μη
1388 907 1465 936 πα-

19 952 116 988 θεῖν
146 944 267 988 πᾶλιν
302 943 609 1000 φυλαττώμεθα,
646 944 676 1000 ἦ
699 943 795 988 ’ὅταν
821 945 867 989 td
894 943 994 988 oev’ro
1018 945 1237 1001 πράττηται
1263 945 1465 996 πολλάκις.

22 1004 164 1051 Quae
152 1017 195 1041 ιιι
211 1003 382 1054 vulgatis
398 1003 566 1056 pessime
582 1016 692 1042 versa
711 1008 806 1042 sunt
822 1003 899 1042 sic.
928 1004 995 1042 Ea
1014 1017 1117 1055 quae
1130 1010 1298 1042 vocatur
1315 1002 1465 1042 divisio

20 1061 211 1111 temporie
224 1060 461 1100 continuati.
518 1059 572 1098 Et
589 1065 746 1112 postea·
737 1089 747 1098 .
781 1059 942 1111 Oportet
961 1061 1090 1112 igitur
1108 1062 1152 1098 in
1170 1061 1467 1098 continuatione

20 1117 208 1166 temporis
238 1129 424 1167 separare
446 1123 601 1167 tempus
615 1116 835 1165 futurum,
872 1123 919 1153 ut
946 1129 1158 1154 caveamus
1179 1130 1228 1154 ne
1247 1117 1466 1168 patiamur

20 1174 164 1210 iterum
196 1185 377 1223 unquam
409 1172 492 1210 tale
517 1170 639 1223 quid,
667 1173 906 1223 praesertim
938 1170 1118 1221 eisillud
1142 1173 1307 1223 saqu‘ue
1327 1173 1462 1222 fuerit
1483 1173 1524 1207 Ρ.
1545 1172 1614 1209 245

21 1230 288 1266 commissum.
344 1227 464 1267 Vides
494 1227 750 1279 interpretem
780 1227 1023 1266 confundere
1051 1240 1164 1266 casus
1185 1227 1287 1267 duos
1313 1227 1466 1267 distin-

20 1290 116 1323 ctos.
172 1285 317 1322 Sensus
338 1290 417 1323 est:
448 1298 551 1336 quae
574 1297 657 1323 voc.
677 1281 905 1320 subdivisio
927 1285 1115 1335 temporis
1135 1285 1343 1331 confertim
1363 1283 1467 1336 (col-

20 1338 183 1392 lective)
204 1342 396 1391 spectati,
425 1341 592 1377 relative
609 1337 669 1376 ad
681 1340 885 1387 futurum.
940 1339 994 1377 Et
1015 1339 1175 1378 deinde:
1208 1340 1371 1391 Oportet
1389 1353 1467 1378 au-

19 1404 98 1435 tem
119 1395 306 1434 adhibere
323 1396 430 1434 lianc
447 1394 596 1434 exordii
601 1397 789 1445 sormam
799 1424 811 1444 ‚
842 1397 1029 1446 temporis
1046 1396 1246 1433 collective
1259 1397 1387 1433 sumti
1404 1410 1466 1434 re-

19 1453 145 1490 lative
169 1450 229 1489 ad
238 1453 451 1502 futurum,
480 1451 643 1504 quando
662 1452 728 1489 vel
744 1449 912 1502 aliquid
936 1453 1103 1503 contigit
1124 1450 1236 1503 quod
1253 1465 1466 1503 nunquam

18 1509 264 1561 contigerat,
293 1507 414 1560 idque
434 1522 674 1561 praecavere
695 1508 906 1556 volumus,
934 1522 983 1545 ne
1009 1521 1155 1545 rursus
1183 1506 1370 1557 aecidat,
1399 1507 1466 1546 vel

18 1563 184 1617 quando
203 1564 281 1602 Ιιοο
307 1564 414 1602 idem
439 1566 605 1632 saepius
625 1565 833 1629 contingit.
890 1563 990 1602 Vide
1009 1577 1106 1615 quae
1123 1569 1349 1616 sequuntur
1369 1565 1464 1606 164-

18 1623 67 1660 A.
90 1620 140 1659 de
161 1620 431 1658 subdivisione
449 1617 600 1673 ἆθρὸου
619 1620 675 1667 εἷς
701 1615 856 1660 λεπτόν.
908 1619 1037 1667 Quam
1059 1620 1324 1670 quaestionem
1345 1619 1466 1657 alias-

20 1690 97 1728 que
116 1675 262 1714 similes
282 1676 505 1728 complures
531 1676 729 1727 explicare
745 1675 952 1714 conabor'
940 1689 984 1713 ιιι
1009 1675 1180 1713 editione
1199 1675 1464 1726 Hermogenis,

19 1732 90 1771 ubi
109 1744 200 1770 cum
222 1745 328 1770 nova
350 1732 532 1770 versione
550 1737 590 1770 et
610 1730 898 1769 commentariis
918 1744 1008 1769 mss.
1032 1731 1200 1800 luceque
1227 1730 1466 1782 dignissimis

21 1788 67 1826 in
93 1786 339 1826 Bibliotheca
366 1788 484 1838 Regia
510 1787 714 1825 asservatis
733 1787 957 1837 vulgavere.
1015 1786 1117 1825 Alibi
1148 1783 1304 1840 α’θρόον
1323 1793 1466 1826 notum

23 1849 86 1883 est
104 1842 247 1882 habere
266 1843 349 1882 vim
368 1843 544 1881 adverbii
569 1843 726 1891 subito,
758 1849 923 1893 repente.
967 1843 1046 1880 Leo
1068 1848 1205 1882 noster
1230 1845 1323 1885 108.
1354 1843 1401 1883 Β.
1423 1847 1465 1880 et

24 1903 120 1942 110.
149 1899 195 1937 Δ.
213 1898 399 1949 Agathias
429 1899 576 1939 Histor.
605 1901 672 1941 23.
692 1899 739 1938 D.
761 1898 830 1941 24.
859 1899 899 1936 C.
930 1898 997 1941 25.
1026 1899 1070 1939 Β.
1103 1899 1149 1939 Ι).
1168 1902 1235 1942 26.
1260 1898 1304 1942 Β.
1324 1902 1394 1942 27.
1414 1897 1464 1936 A.

22 1956 90 1998 34.
110 1954 153 1996 C.
168 1957 235 1997 37.
248 1956 289 1994 C.
306 1957 374 1998 38.
396 1955 439 1992 B.
452 1956 520 1998 41.
538 1955 583 1994 B.
605 1955 672 1997 42.
687 1954 733 1993 A.
752 1955 818 1996 50.
842 1955 883 1994 C.
903 1954 970 1996 53.
985 1955 1031 1992 D.
1055 1955 1121 1996 57.
1132 1955 1177 1993 A.
1190 1955 1256 1997 58-
1274 1954 1318 1994 D.
1337 1957 1404 1998 70.
1416 1954 1463 1993 D.

21 2014 93 2054 76.
116 2010 164 2050 B.
194 2015 261 2054 79.
283 2010 327 2048 C.
347 2013 413 2054 80.
434 2011 479 2051 A.
502 2013 570 2053 82.
589 2011 633 2048 Δ.
664 2010 730 2054 94.
751 2010 795 2050 A.
821 2013 887 2053 98.
911 2010 952 2048 C.
974 2013 1040 2053 99.
1058 2010 1107 2050 B.
1131 2012 1223 2053 101.
1242 2010 1283 2050 C.
1304 2012 1397 2053 102.
1420 2010 1462 2048 C.

26 2068 120 2109 103.
142 2065 190 2104 A.
210 2067 302 2109 104.
323 2067 369 2104 A.
401 2070 491 2109 111.
508 2067 555 2103 D.
579 2070 672 2109 112.
689 2066 735 2104 Α.
757 2068 848 2108 113.
866 2066 912 2105 Β.
934 2066 1025 2108 114.
1047 2066 1088 2103 C.
1117 2066 1209 2109 124.
1231 2065 1277 2105 Β.
1300 2069 1393 2109 127.
1413 2063 1502 2106 A.B

27 2125 120 2165 129.
140 2122 188 2161 Β.
212 2125 306 2164 136.
326 2123 372 2160 A.
397 2124 489 2166 140.
510 2122 553 2160 Β.
576 2123 668 2164 145.
687 2121 734 2159 A.
753 2122 845 2164 148.
868 2122 911 2159 D.
939 2122 1031 2164 151.
1047 2122 1095 2160 D.
1114 2122 1208 2164 154.
1231 2122 1278 2160 A.
1306 2125 1398 2164 162.
1415 2122 1465 2161 D.

28 2178 120 2219 164.
149 2178 195 2217 A.
219 2181 309 2220 169.
337 2179 382 2215 A.
409 2182 501 2221 171.
524 2178 567 2215 Β.
592 2179 631 2216 S.
658 2178 823 2215 Ioannes
847 2176 1148 2228 chrysostomus
1173 2177 1361 2216 Oratione
1376 2187 1464 2218 vn.

30 2233 82 2270 ad
101 2232 277 2271 Corinth.
295 2233 360 2271 111.
381 2237 520 2276 288.1.
541 2233 851 2272 Homiliaxxn.
872 2233 970 2271 ins.
989 2232 1131 2272 matth.
1152 2233 1181 2272 Ι.
1199 2234 1295 2276 357.
1314 2233 1355 2270 C.
1378 2230 1464 2284 (ubi

24 2288 220 2340 interpres
254 2289 415 2328 Latinus
438 2289 521 2328 vim
546 2290 630 2327 eius
659 2303 742 2327 non
770 2286 995 2340 expressit).
1049 2289 1251 2328 Heliodor.
1279 2287 1462 2340 Aethiop.

25 2344 120 2386 402.
143 2344 190 2383 Β.
245 2344 336 2381 Ideo
367 2345 623 2395 corrigendus
645 2345 810 2383 Ioannes
838 2344 1080 2397 Philoponus
1103 2346 1161 2382 De
1182 2343 1323 2382 mundi
1342 2348 1462 2380 creat.

24 2401 119 2442 238.
142 2399 187 2438 Β.
216 2398 265 2437 de
290 2399 514 2439 hominibus
541 2401 763 2439 incredibili
787 2401 984 2445 celeritate
1007 2401 1280 2452 cogitationem
1304 2412 1326 2436 a
1347 2411 1390 2436 re
1409 2396 1461 2434 ad

24 2467 109 2494 rem
126 2455 390 2506 rapientibus,
423 2455 504 2496 ἕν’
483 2461 637 2504 εαυτοῖς
657 2456 807 2508 ἔχοντες
821 2472 893 2497 τον
916 2458 1018 2498 νοῦν
1034 2472 1105 2497 τον
1125 2457 1273 2497 οἰκεῖον
1293 2448 1458 2503 ἀθρόον,

27 2506 243 2561 ἆλλαχόθεν
263 2507 433 2562 ἀλλαχοῦ
451 2508 738 2564 μεθιστάμεθα.
771 2511 976 2551 Balthasar
996 2512 1225 2550 Corderius:
1246 2509 1461 2560 propriam

27 2574 192 2603 mentem
215 2569 258 2604 in
278 2567 391 2604 noble
411 2568 512 2618 ipsis·
532 2569 738 2606 collectam
763 2567 997 2618 obtinentes,
1028 2565 1195 2605 aliunde
1219 2565 1301 2601 alio
1321 2570 1460 2600 trans-

16 2622 210 2671 ferimur.
266 2623 343 2660 Sed
362 2622 535 2673 virgula,
561 2637 660 2674 quae
688 2630 781 2676 post
800 2620 958 2678 ἀθρόον
979 2630 1056 2671 est,
1091 2618 1388 2674 praeponenda,
1418 2623 1461 2657 et

27 2677 258 2715 vertendum
285 2679 361 2716 sic:
385 2693 452 2729 pr.
480 2686 645 2716 mentem
664 2681 708 2717 in
733 2680 848 2718 nobis·
871 2680 1075 2726 habentes,
1099 2682 1251 2745 puncto
1274 2675 1462 2724 temporis

7 2731 198 2770 aliunde
222 2734 306 2771 alio
336 2735 628 2783 tranfirimus.
684 2736 774 2783 Quo
801 2735 938 2773 eodem
955 2746 1074 2772 sensu
1098 2727 1256 2785 ἀθρόον
1279 2743 1303 2767 a
1325 2730 1464 2768 Philo-

31 2801 140 2839 pono
156 2796 372 2841 usurpatur
388 2790 502 2840 alibi,
528 2790 641 2830 velut
660 2795 755 2835 279.
768 2790 824 2828 A.
844 2796 883 2829 et
901 2791 942 2830 C.
