1676 3054
226 128 325 176 288
593 132 905 178 THEODOSII
932 133 1202 180 ACROASIS
1229 137 1302 179 111.

358 242 393 284 εἳ
407 240 483 297 γὰρ
509 238 769 294 σιωπήσειας,
804 237 859 288 εἷς
880 243 961 281 τῶν
982 240 1023 282 ἔν
1045 239 1192 299 βόθρῳ

356 306 576 364 βαινόντων
598 309 696 360 εἰμὶ,
731 306 993 362 σκυθρωπὸς,
1027 305 1180 364 πλήρης
1197 304 1377 364 μόχθων.

356 375 528 418 ἄκουσον
547 372 660 428 ἡμῶν
678 373 842 415 εὐτελῶν
863 371 1114 429 ὀδυρμάτων,

356 444 422 484 καὶ
442 441 512 483 σὸν
532 437 744 496 φυλάττων
765 441 947 493 ποίμνιον
969 440 1216 495 σεσωσμένον
1556 495 1564 497 ⁴

356 506 565 563 τρόπωσον
585 506 779 563 ἐχθροὺς,
814 508 880 548 καὶ
898 505 1076 550 κόπασον
1092 508 1187 558 τοὺς
1204 505 1362 562 πόνους,
1574 524 1619 558 65

356 574 428 623 οὓς
451 573 471 615 ὃ
492 572 663 630 στρατός
684 588 757 615 σου
780 579 982 630 καρτερῶν
1001 573 1257 626 ἆσπάζεται.”
1285 599 1342 609 -

355 645 524 683 τοιαῦτα
540 642 613 694 μὲν
634 640 684 683 σύ
705 646 991 696 συστρατηγῶν
1013 642 1193 694 οῗκέταις,

355 710 422 750 καὶ
444 708 501 761 μὴ
519 707 658 763 παρών
677 706 867 763 ἔπραττες
874 739 888 759 ,
925 706 978 755 ὥς
996 711 1158 763 Μωσῆς
1175 706 1298 751 πάλαι

354 779 514 831 τροπῶν
530 774 707 828 Ἀμαλὴκ
725 778 775 829 τῇ
792 778 921 828 χερῶν
940 773 1151 818 ἕπεκτάσει.

355 840 378 884 ὃ
397 843 439 883 δὲ
458 839 630 897 στρατός
648 856 720 882 σου
739 847 826 888 ταῖς
845 840 907 881 ἐπ’
933 837 1280 896 ἀλλήλοιςμάχαις
1572 851 1618 885 70

355 912 473 950 νικῶν
488 906 659 963 ὑπῆρχεν
681 909 735 956 εἷς
753 906 880 962 ὃφρύν
902 908 1130 962 ἐπηρμένος.

354 976 477 1017 ἐδεῖτο
501 975 637 1016 λοιπὸν
659 972 895 1029 εὗκεράστου
916 973 1132 1030 φαρμάκου

352 1044 407 1090 εἷς
424 1041 704 1097 σωφρονισμὸν
725 1045 797 1094 τῆς
816 1039 1030 1095 ἐπιστάσης
1048 1040 1181 1084 νόσου.

352 1111 419 1150 καὶ
436 1108 576 1157 νυκτὸς
595 1107 685 1164 ἄρτι
702 1112 774 1161 τῆς
795 1113 963 1162 στυγνῆς
982 1106 1243 1163 ἁπλουμένης,

352 1177 418 1216 καὶ
437 1180 509 1216 τοῢ
530 1178 704 1230 στρατοῦ
720 1175 933 1229 χαίροντος
949 1173 975 1229 ’ἢ
995 1176 1263 1229 καυχωμένου,
1572 1181 1618 1216 75

352 1243 417 1283 καὶ
436 1242 535 1297 πρὸς
552 1241 679 1295 μονὴν
701 1240 940 1293 σπεύδοντος
957 1241 981 1296 ἢ
1003 1243 1261 1296 καλουμένου,

350 1306 405 1357 ὥς
427 1309 467 1349 ἐν
489 1311 593 1364 ’ξυρῷ
614 1312 694 1357 πᾶς
717 1303 765 1362 ἦν
787 1306 908 1358 τόπος
927 1308 1161 1364 ξιφηφόρος,

347 1377 486 1426 βουνοὶ
496 1407 509 1427 ,
546 1372 690 1426 νάπαι,
728 1372 948 1430 φάραγγες,
986 1375 1117 1424 εὐθεῖς
1138 1371 1336 1422 κοιλάδες·

346 1446 428 1483 τῶν
448 1444 660 1496 Κρητικῶν
681 1441 757 1496 γὰρ
776 1443 956 1494 ἐκχυθεὶς
978 1439 1263 1497 φωλευμάτων,

346 1509 696 1564 προευτρεπισθεὶς
715 1506 1017 1562 ἕπτασήμαντος
1036 1507 1179 1557 στόλος
1569 1521 1615 1554 80

345 1574 497 1628 πολλὴν
516 1579 674 1630 παρεῖχε
693 1578 750 1632 τῷ
771 1579 930 1631 στρατῷ
948 1576 1210 1630 δειλανὸρίαν,

343 1641 461 1697 ἄφνω
478 1639 711 1696 προκύψας,
747 1643 813 1682 καὶ
832 1643 968 1697 φανεὶς
987 1641 1086 1697 παρ’
1108 1642 1260 1683 ἐλπίδα.

346 1708 505 1757 namt}
520 1709 592 1761 μὲν
609 1705 802 1759 ἔστόλιζεν
821 1708 862 1750 ἓν
884 1710 987 1764 φωτὶ
1004 1707 1145 1757 σκότος
1160 1721 1170 1731 ’

344 1773 490 1830 θώραξ
510 1774 585 1830 γὰρ
606 1772 660 1823 ὥς
680 1778 788 1830 φῶς,
823 1777 888 1817 καὶ
906 1773 1108 1830 μάχαιρα,
1142 1777 1209 1817 καὶ
1231 1766 1375 1831 κράνος

343 1843 616 1897 μετημφιάζον
631 1841 704 1896 τὴν
721 1842 859 1897 βαφὴν
880 1846 952 1896 τῆς
971 1841 1149 1898 ἑσπέρας.
1325 1881 1327 1883 a
1566 1854 1612 1889 85

302 1934 358 1968 61.
391 1933 582 1981 ἕμβόθρων
612 1935 652 1968 C.
685 1938 803 1969 contra
832 1935 905 1969 cod.
938 1935 1046 1970 fidem.
1142 1937 1198 1971 62.
1220 1932 1387 1979 μοχθῶν,
1408 1934 1445 1969 ἱιι
1465 1937 1534 1968 not.
1559 1937 1636 1980 lego

299 1977 451 2021 μόχθων
468 1981 507 2013 C.
597 1982 651 2016 65.
676 1981 751 2015 Ser.
773 1978 951 2016 κόπωσου.
1051 1982 1106 2015 70.
1131 1982 1207 2014 Scr.
1229 1978 1454 2024 ἐπαλλήλοις,
1476 1981 1638 2014 continuis

295 2024 445 2066 proeliis.
537 2026 592 2061 71.
630 2027 682 2064 εἰς
709 2023 828 2069 ὀφρῦς
849 2027 890 2059 C.
983 2027 1040 2061 73.
1070 2024 1268 2065 ἐπιστάσεις
1293 2026 1333 2058 C.
1365 2024 1454 2068 quod
1485 2035 1529 2058 ex
1562 2026 1636 2059 cod.

300 2068 487 2102 emendavit
509 2069 548 2103 F.
640 2072 696 2105 77.
727 2068 933 2115 ξιφήφορος
954 2071 1048 2114 vulg.
1137 2071 1192 2105 80.
1220 2068 1504 2115 προευτρεσθείς·

210 2143 359 2186 omnino,
385 2145 415 2177 si
445 2145 529 2179 enim
549 2145 698 2188 silueris,
720 2150 884 2191 tamquam
909 2146 968 2190 qui
996 2146 1030 2179 in
1056 2145 1160 2180 lacum
1186 2145 1399 2180 descendunt*
1419 2147 1483 2188 fio,
1516 2146 1635 2188 tristis,

208 2189 325 2232 plenus
343 2189 498 2222 miseriis.
545 2191 680 2225 Exaudi
703 2203 827 2236 quaeso
845 2194 975 2224 nostros
998 2191 1096 2224 fletus
1114 2191 1270 2231 humiles,
1293 2196 1452 2236 tuumque
1470 2191 1557 2225 ovile
1576 2202 1635 2225 cu-

209 2233 298 2266 stodi
312 2257 322 2273 ‚
347 2234 434 2277 quod
449 2234 572 2268 salvum
591 2236 723 2270 fecisti:
746 2237 828 2280 fuga
848 2237 980 2276 hostes,
1004 2240 1040 2268 et
1055 2235 1098 2268 da
1113 2235 1211 2268 finem
1226 2235 1415 2277 laboribus,
1439 2247 1520 2280 quos
1539 2239 1636 2270 exer-

209 2278 297 2311 eitus
315 2281 392 2310 tuus
409 2283 597 2313 constanter
613 2280 736 2315 subit.”
783 2282 878 2314 Haec
896 2280 1026 2324 quidem
1048 2284 1102 2320 tu,
1125 2280 1269 2313 militans
1284 2291 1358 2314 curn
1374 2281 1482 2314 servis
1497 2281 1576 2321 tuis,
1593 2280 1635 2313 li-

210 2326 265 2356 cet
281 2324 398 2356 absens
408 2347 419 2363 ‚
443 2324 577 2366 agebas,
600 2330 637 2358 ut
653 2326 766 2359 Moses
783 2326 871 2365 olim,
895 2325 952 2368 qui
969 2325 1100 2367 fugavit
1116 2325 1249 2358 Amalec
1265 2325 1377 2358 levans
1394 2325 1430 2359 in
1445 2325 1544 2360 altum
1562 2336 1633 2358 ma-

209 2378 283 2400 nus.
330 2368 450 2400 Verum
473 2369 638 2401 exercitus
661 2373 738 2403 tuus
763 2370 797 2403 in
816 2370 935 2403 mutuis
953 2368 1090 2413 praeliis
1107 2369 1217 2403 victor
1234 2369 1397 2404 exsistens
1411 2370 1635 2404 extollebatur

209 2412 379 2456 superbia.
424 2412 519 2455 Opus
544 2424 624 2456 ergo
651 2420 724 2448 erat
746 2414 877 2448 efficaci
902 2414 1093 2457 pharmaco,
1128 2419 1165 2447 ut
1191 2419 1366 2448 sanaretur
1387 2414 1634 2448 abimminenti

200 2456 334 2490 morbo.
378 2456 526 2490 Iamvero
553 2457 643 2491 tristi
666 2463 763 2492 nocte
788 2460 932 2492 habente
956 2459 1081 2498 omnia,
1105 2462 1140 2490 et
1166 2459 1315 2492 exercitu
1339 2458 1374 2492 in
1402 2459 1560 2503 gaudium
1581 2460 1632 2491 ef-

209 2501 284 2534 fuso
297 2525 307 2542 ‚
330 2501 385 2535 vel
400 2501 508 2545 potius
537 2501 572 2535 in
597 2504 794 2546 superbiam,
822 2503 1030 2546 nondumque
1044 2506 1163 2536 vocato
1179 2508 1378 2548 properante
1394 2503 1439 2536 ad
1454 2502 1633 2547 praesidia,

209 2546 314 2579 omnis
330 2546 422 2579 locus
442 2546 561 2589 gladiis
584 2551 748 2591 tamquam
772 2547 939 2581 novaculis
957 2547 1086 2581 cinctus
1102 2551 1196 2589 erat,
1217 2552 1360 2588 montes,
1382 2547 1498 2588 valles,
1518 2557 1632 2590 rupes,

210 2594 307 2623 antra
331 2590 495 2624 immania.
541 2592 572 2625 Ε
599 2593 742 2625 Creticis
771 2592 855 2626 enim
884 2592 1007 2624 effusus
1030 2592 1170 2626 latebris
1192 2596 1290 2626 antea
1306 2596 1449 2625 tremens
1465 2591 1631 2625 exercitus

211 2635 320 2668 victus
340 2636 464 2679 septies
481 2636 614 2670 multam
631 2636 767 2670 incussit
785 2636 941 2670 militibus
957 2636 1023 2669 tuis
1038 2637 1257 2679 formidinem,
1279 2640 1416 2680 repente
1434 2636 1631 2679 irrumpens,

212 2682 248 2711 et
272 2685 405 2722 praeter
434 2692 524 2723 spem
550 2681 719 2725 prodiens.
765 2681 811 2714 Et
840 2692 905 2714 nox
932 2681 1061 2725 quidem
1079 2682 1223 2715 habebat
1244 2681 1361 2716 mixtas
1380 2680 1450 2714 luci.
1461 2681 1644 2719 tenebras„
1674 2693 1676 2727 ι

210 2723 503 2771 thoraxsnamque
531 2731 569 2762 ut
582 2727 659 2768 lux,
681 2730 718 2762 et
739 2726 848 2768 ensis,
869 2730 904 2761 et
921 2726 1019 2770 galea
1037 2727 1277 2763 commutabant
1294 2725 1434 2760 colorem
1455 2735 1628 2771 vesperae.
