1760 3034
398 152 460 196 IN
485 149 803 218 THEonosn
828 150 1139 197 ACROASES.
1394 142 1515 194 541.

59 253 328 310 poso'fflitssoe.
354 258 467 296 IIinc
483 257 640 294 boream
660 252 792 309 ἆκραῆ
807 255 920 304 dicit,
942 270 1029 296 non
1039 272 1115 309 per
1140 270 1300 295 ste-mma
1311 257 1500 309 flantem,

57 313 129 352 sed
139 316 283 365 potius
307 313 421 364 quod
442 327 518 350 non
539 315 595 349 sit
613 313 710 349 aliis
723 315 850 350 ventis·
867 313 1106 351 admixtus?
1119 314 1248 351 huius
1264 316 1367 351 enim
1385 329 1502 365 aspe-

57 371 216 407 ritatem
231 369 477 420 reprehendit
487 371 690 406 Homerus
701 383 740 405 eo
760 371 803 406 in
815 383 941 419 versu,
957 370 1148 408 tenibilis
1164 378 1222 407 eet
1239 372 1367 407 mixta
1385 378 1500 408 vento

47 427 242 477 procella.
298 426 402 463 Fieri
427 432 558 463 tamen
579 424 732 476 potuit,
761 431 806 463 ut
823 424 1065 464 Theodosius
1083 435 1182 465 voce
1199 423 1352 478 ἆκραής
1366 426 1500 465 latiori

54 483 172 520 modo
204 494 301 520 usus
328 482 380 519 sit
401 495 477 533 pro
497 494 743 532 quocumque
770 487 891 519 vento
909 481 1135 520 indicando.
1191 482 1386 534 [Admissa
1405 496 1499 520 cor-

52 538 228 575 rectione
247 543 394 586 nostra,
417 534 547 590 ὅσπερ
566 535 709 589 ἄκριες,
727 537 852 575 omnis
873 538 1082 576 difficultas
1098 538 1274 577 tollitur:
1290 538 1363 589 ira,
1382 552 1501 590 quam

52 594 197 631 milites
231 593 453 645 spirabant,
492 599 717 644 comparata
745 607 834 631 cum
873 600 1082 632 ventorum
1110 593 1362 644 turbinibus,
1401 591 1502 646 quos

0 697 1 700 Ἰ
52 656 206 688 montes
235 650 434 687 interdum
456 649 639 686 fundunt.
658 649 700 685 F.
718 649 764 700 I.]

0 708 1 711 ’
165 706 279 757 [203.
305 704 348 744 ‘0
366 701 572 756 λαμπάδας
588 725 643 733 —-
663 702 929 756 λαμπηδόνας.
958 705 1087 743 noctis
1114 705 1331 756 ingruentis
1347 705 1500 746 descri-

51 761 163 813 ptio:
193 762 258 798 Sul
272 789 283 807 ,
313 762 380 811 qui
398 761 548 798 lucidas
567 759 830 811 pulchrasque
850 758 1119 814 (καλοχρόους)
1151 762 1253 799 faces
1272 762 1379 800 iusto
1401 768 1499 801 tem-

0 814 6 818 *
50 831 148 869 pore
169 817 295 865 tollit,
323 817 543 866 iterumque
571 815 746 865 cohibet,
775 817 1004 867 splendidos
1031 818 1163 854 radios
1192 831 1282 856 suos
1308 818 1350 855 in
1380 818 1500 856 maris

50 873 236 911 fluctibus
268 866 454 923 tanquam
481 873 523 909 in
556 872 714 911 lavacro
739 873 975 911 extinxerat,
1031 874 1230 911 Postrema
1258 873 1355 912 haec
1374 874 1494 926 vulgo

50 929 151 967 male
177 943 302 967 versa.
329 930 372 967 F.
392 928 438 979 I.]

161 986 255 1028 215.
284 983 446 1035 Ξένους]
474 985 533 1022 Ita
563 985 715 1034 Codex,
754 998 838 1023 non
870 980 1014 1033 ζώους,
1052 990 1099 1022 ut
1126 984 1250 1022 edidit
1278 984 1496 1036 Cornelius,

50 1041 116 1092 qui
138 1047 269 1078 tamen
288 1041 425 1088 ξένους
446 1041 730 1079 emendandum
752 1055 831 1078 esse
848 1041 945 1078 bene
965 1041 1130 1079 censuit.

161 1100 254 1140 219.
282 1095 397 1146 ’Υπὲρ
415 1096 547 1147 θυῶν]
578 1098 737 1148 Aliquid
756 1098 797 1134 in
807 1097 883 1134 hoc
901 1110 1020 1134 versu
1033 1097 1141 1134 deest
1160 1095 1209 1134 ad
1219 1095 1372 1134 numeri
1387 1109 1496 1134 com-

47 1154 288 1206 plementum
301 1181 312 1200 ‚
342 1152 408 1190 sed
437 1153 479 1189 in
502 1153 642 1190 Codice
673 1153 775 1190 nihil
791 1153 960 1204 amplius
981 1153 1172 1204 scriptum
1188 1158 1365 1204 apparet.
1420 1153 1499 1191 Le·-

47 1210 215 1260 gendum
246 1209 347 1246 forte
376 1212 493 1247 θυῶν
513 1211 598 1248 σοῦ.
940 1258 944 1259 ⁷

158 1268 250 1307 227.
277 1259 592 1317 Λευκόμορφον]
623 1265 783 1302 Terram
810 1259 1044 1301 albicantem
1060 1291 1071 1311 ‚
1100 1268 1239 1314 utpote
1272 1263 1319 1301 ab
1342 1262 1496 1302 Aurora

45 1321 299 1368 illustratam,
326 1326 432 1358 recte
460 1327 579 1357 vocat
609 1319 877 1368 Theodosius,
909 1333 953 1357 eo
979 1319 1114 1367 modo,
1143 1331 1224 1369 quo
1249 1319 1402 1356 Aurora
1421 1332 1496 1356 ex-

47 1378 198 1415 oriente
225 1375 414 1413 albescere
439 1376 565 1413 lucem
591 1376 693 1414 dixit
713 1376 900 1426 Virgilius
920 1376 1015 1413 Aen.
1038 1375 1107 1413 lib.
1123 1373 1191 1412 IV.
1214 1375 1362 1417 v.‘586.
1418 1374 1497 1414 Sed

45 1433 210 1485 propius
238 1431 288 1468 ad
314 1445 400 1469 rem
421 1438 595 1470 nostram
615 1446 750 1482 agrum
773 1432 822 1468 ob
847 1433 1022 1469 Aurorae
1052 1431 1186 1468 lumen
1209 1430 1403 1469 albentem
1423 1431 1498 1470 de-

45 1488 205 1542 scripsit
228 1487 464 1525 Claudianus
488 1488 536 1526 de
556 1490 654 1540 Rap.
668 1489 734 1527 lib.
759 1487 824 1525 111.
843 1500 882 1525 v.
900 1490 993 1530 232.
1013 1487 1067 1524 ita
1088 1499 1253 1524 canens:

259 1558 317 1594 Et
331 1561 466 1608 prima
484 1559 560 1596 sub
581 1560 666 1596 luce
686 1559 843 1610 legunt,
873 1572 961 1596 cum
981 1571 1070 1595 rore
1091 1570 1253 1595 serenus·

260 1613 382 1650 Albet
402 1629 500 1666 ager
510 1630 522 1650 :

43 1694 118 1775 fige
129 1681 304 1778 Ιεἶηίιιιίἶί
322 1683 438 1734 plane
453 1683 571 1721 modo
590 1683 694 1722 idem
715 1683 772 1722 sic
790 1683 957 1722 asseruit
975 1683 1154 1723 Valerius
1172 1670 1338 1722 Flaccus
1348 1680 1494 1734 Argon.

101 1766 111 1776 .
198 1752 237 1780 v.
257 1743 334 1781 72:

264 1808 426 1860 Iamque
442 1809 518 1846 sub
539 1811 649 1847 ane
675 1808 822 1847 dubios
838 1807 1071 1848 Atlantidis
1091 1810 1203 1860 igneo

259 1865 381 1901 Alhet
409 1879 525 1916 ager.-

43 1931 112 1982 qui
141 1931 257 1970 etiam
282 1934 358 1971 alio
382 1934 425 1971 in
443 1935 533 1972 loco
558 1933 654 1973 ibid.
677 1933 744 1974 lib.
764 1934 833 1972 111.
854 1947 893 1973 v.
905 1935 1001 1979 258.
1022 1933 1073 1972 ob
1094 1934 1198 1973 diem
1217 1938 1344 1972 ortam
1361 1940 1494 1972 turrea

45 1987 236 2025 albe-scere
255 1990 426 2041 scripsit.

152 2047 247 2086 229.
281 2047 417 2097 Τείχει]
450 2047 609 2097 Septum
627 2045 741 2093 illud,
771 2058 838 2083 seu
858 2058 1031 2095 aggerem
1050 2059 1072 2082 a
1090 2044 1313 2097 Nicephoro
1335 2059 1410 2098 pro
1429 2043 1492 2084 sui

43 2099 236 2136 exercitus
255 2102 470 2139 munimine
487 2102 563 2139 iam
584 2101 830 2140 aedificatum
849 2100 916 2139 hic
932 2102 1125 2152 designari
1139 2114 1213 2153 pro
1230 2108 1339 2140 certo
1355 2101 1492 2140 habeo.

42 2153 147 2191 Audi
160 2155 324 2194 Leonem
342 2158 556 2195 Diaconum
576 2157 681 2209 apud
700 2157 859 2206 Pagium
884 2158 979 2194 crit.
999 2158 1041 2195 in
1059 2158 1200 2196 Annal.
1218 2157 1360 2197 Baron.
1380 2157 1492 2197 Tom-

41 2208 109 2249 ΙΙΙ.
138 2223 224 2260 pag·
243 2212 346 2253 874:
379 2213 424 2250 A
445 2214 577 2250 littore
603 2212 662 2250 ad
678 2213 879 2250 Austrum
898 2220 1095 2264 spectante
1114 2220 1249 2264 coepta
1271 2221 1492 2261 structura,

43 2263 103 2300 ad
119 2266 288 2302 alteram
321 2282 444 2319 usque
459 2272 608 2307 littori-⁵·
626 2277 805 2319 partem,
838 2268 947 2319 quod
970 2277 1099 2306 terrae
1125 2271 1371 2307 interiectum
1393 2274 1492 2315 erat,

42 2327 151 2370 septo
176 2323 429 2372 intercludit,
459 2339 507 2362 ne
536 2326 684 2362 seilicet
711 2324 874 2361 barban·
892 2339 970 2375 pro
1001 2325 1114 2363 libito
1133 2326 1177 2362 in
1206 2338 1352 2376 agrum
1363 2323 1493 2373 facile

41 2375 195 2427 effimdi
208 2386 391 2427 possent,
422 2381 665 2432 liberumque
682 2382 762 2431 ipsc·
782 2388 866 2418 erat
882 2377 1077 2433 pugnam.⁴
1087 2395 1294 2427 conserere,
1323 2386 1398 2418 aut
1414 2391 1494 2416 non

42 2444 237 2468 conserere
255 2447 343 2470 cnm
362 2442 398 2471 et
418 2436 578 2477 luberet.

151 2487 255 2526 Ibid.
278 2488 370 2528 Μὲν
390 2486 512 2543 ἐκρῷ]
534 2492 737 2530 Cornelius
759 2491 880 2530 edidit
900 2495 1038 2548 μικρῷ,
1058 2498 1097 2531 et
1117 2489 1388 2540 corrigendum
1405 2500 1494 2526 cen.

41 2542 120 2580 suit
138 2546 297 2598 μακρῷε
330 2546 397 2582 sed
415 2553 600 2585 neutrum
622 2547 763 2586 horum
786 2548 828 2585 in
847 2549 988 2586 Codice
1006 2550 1199 2599 scriptum
1218 2558 1298 2583 esse
1316 2544 1489 2584 videtur.
1517 2553 1560 2589 P.
1581 2553 1665 2601 382ss

39 2597 228 2647 Equidem
260 2598 331 2650 μὲν
357 2597 468 2655 ἆκρῷ
496 2603 701 2652 legendum
730 2604 922 2653 arbitror,
952 2617 998 2642 eo
1018 2604 1139 2653 magis
1158 2600 1264 2652 quod
1286 2599 1492 2651 monosyl'-
1513 2600 1590 2636 Col.
1613 2604 1632 2636 1

38 2653 126 2691 laba
146 2656 363 2693 necessario
381 2663 440 2694 est
463 2658 665 2708 addenda,
692 2666 738 2697 ut
764 2673 902 2697 versus
923 2672 1103 2696 mensura
1125 2662 1230 2694 recte
1250 2668 1290 2692 se
1311 2654 1463 2694 habeat.

148 2707 248 2747 [hid.
279 2712 522 2765 Προσξέειν]
549 2713 689 2759 Ξέσαι,
728 2712 1015 2755 κατασκευάσαι
1052 2714 1335 2763 interpretatur
1360 2710 1491 2762 Hesy-

40 2761 171 2814 chius,
208 2767 316 2816 quod
347 2768 509 2806 verbum
535 2782 611 2821 pro
641 2770 828 2809 armando
867 2769 1176 2818 insu-uendoque
1209 2766 1384 2805 exercitu
1403 2779 1487 2805 non
