1748 3094
404 180 484 225 AD
509 176 887 223 MOEPHORUM
912 177 1165 223 PHOCAM.
1393 172 1493 223 365

74 285 169 325 vilia
193 282 407 337 mancipia,
440 283 655 336 piscatores
684 281 858 331 scilicet,
893 281 1157 334 cupediarios,
1193 295 1381 336 aucupes,
1409 297 1493 322 no·-

72 351 183 402 thou,
218 350 410 404 plebeios,
446 364 578 390 servos
606 348 876 388 tantummodo
910 348 1108 388 dimisisse.
1169 350 1388 401 Numquam
1423 350 1529 389 illel)

71 417 152 457 boe
166 417 241 456 nisi
260 418 320 456 tui
335 418 578 470 suggestione
595 417 783 456 scriberet
805 415 920 467 Regis
931 429 944 455 ε
971 415 1076 467 quod
1094 428 1210 467 quam
1232 416 1494 468 periculosum

73 484 258 523 ambobus
284 485 426 534 suerit,
453 484 530 523 nisi
547 483 805 536 resipuerint,
832 482 1013 534 proxima
1035 488 1210 534 tempora
1231 482 1493 525 declarabunt.

72 550 150 588 Sed
170 551 287 603 Papa,
313 552 486 603 inquam,
514 550 762 603 simplicitate
782 549 924 598 clarus,
953 549 1003 587 ad
1018 549 1172 588 laudem
1188 548 1264 588 hoc
1280 549 1495 602 imperato-

71 615 147 665 ris,
174 630 256 655 non
277 617 325 656 ad
345 618 617 657 contumeliam
632 616 798 655 scribere
814 615 983 666 putavit.
1039 616 1335 655 Constantinum
1352 617 1494 655 Roma-

71 696 166 722 num
184 683 458 736 Imperatorem
485 698 574 723 cum
592 685 762 722 Romana
786 681 926 719 militia
944 681 1025 719 buc
1041 682 1210 731 venisse,
1237 696 1285 721 ac
1302 682 1495 722 civitatem

71 750 184 789 istam
204 763 277 789 suo
300 763 350 789 α
369 750 525 789 nomine
547 750 766 789 condidisse
786 754 891 787 certo
912 747 1077 795 scimus3
1104 748 1172 787 sed
1195 748 1286 801 quia
1311 748 1493 800 linguam,

70 830 223 867 mores,
248 823 451 868 vestesque
480 816 678 866 mutastis,
706 815 860 868 putavit
884 814 1155 854 Sanctissimus
1177 817 1283 868 Papa
1303 816 1360 854 ita
1379 816 1492 855 vobis

0 875 1 879 ¹
71 883 276 936 displicere
297 884 556 922 Romanorum
574 896 739 933 nomen,
765 882 870 920 sicut
890 887 928 919 et
951 887 1116 930 vestem3
1152 882 1260 932 quod
1285 883 1328 921 in
1351 883 1493 922 suturis

70 949 153 988 vita
169 951 309 988 comite
338 950 567 989 ostendetur
585 949 779 1002 epistolis3
807 960 971 1000 quarum
989 948 1267 1000 superscriptio
1285 948 1381 988 haec
1398 949 1493 989 erite

70 1017 235 1055 Ioannes
253 1017 357 1070 Papa
378 1017 574 1055 Romanus
590 1015 831 1069 Nicephoro‚
861 1015 1136 1064 Constantino,
1162 1015 1318 1065 Basilio,
1344 1017 1493 1068 maguis

69 1083 333 1122 Romanorum
356 1083 657 1134 Imperatoribus
687 1090 803 1134 atque
819 1082 1022 1132 Augustis,
1052 1081 1157 1133 quod
1187 1082 1276 1133 quia
1304 1096 1396 1121 nam
1426 1084 1529 1122 di-n

68 1149 218 1199 xer-im,
253 1163 414 1201 quaeso,
451 1148 654 1190 advertite.
716 1149 960 1201 Nicephorus
985 1148 1157 1200 periurio
1184 1155 1301 1200 atque
1332 1149 1489 1188 adulte-

67 1216 129 1254 rio
146 1216 266 1266 Regni
286 1216 435 1268 apicem
454 1222 513 1253 est
530 1216 715 1267 adeptus;
737 1221 775 1252 et
792 1214 975 1265 quoniam
992 1213 1298 1259 Christianorum
1315 1217 1488 1255 omnium

68 1282 172 1321 salus
191 1281 241 1320 ad
259 1282 422 1320 Romani
442 1284 567 1334 Papae
584 1282 754 1334 pertinet
774 1280 1090 1328 sollicitudinem,
1117 1282 1248 1320 mittat
1265 1281 1487 1334 Nicephoro

67 1347 255 1387 Dominus
286 1350 390 1401 Papa
416 1350 618 1401 epistolam
648 1348 838 1401 sepulcris
866 1347 1024 1386 omniuo
1050 1347 1237 1396 similem,
1266 1361 1361 1400 quae
1390 1349 1488 1387 foris

68 1422 162 1454 sunt
180 1415 376 1466 dealbata,
402 1417 511 1455 intus
531 1417 646 1468 plena
671 1422 765 1454 sunt
783 1415 933 1453 ossibus
965 1421 1226 1454 mortuorum:
1254 1415 1492 1470 improperet

66 1481 128 1520 illi
156 1482 411 1532 intrinsecus,
453 1484 620 1534 qualiter
645 1483 817 1536 periurio
858 1490 897 1522 et
926 1483 1118 1522 adulterio
1152 1482 1344 1533 acceperit
1370 1493 1492 1534 super

66 1548 252 1587 nominos
267 1562 357 1588 suos
371 1549 654 1598 monarchiam,
686 1550 826 1588 invitet
844 1563 931 1589 eum
951 1551 1001 1589 ad
1021 1550 1245 1602 Synodum,
1271 1554 1330 1597 et,
1356 1547 1390 1586 si
1409 1560 1490 1585 non

65 1615 238 1665 venerit,
266 1615 507 1654 anathemate
523 1616 647 1655 feriat.
704 1616 747 1653 si
767 1617 1048 1669 superscriptio
1065 1615 1288 1655 huiusmodi
1302 1627 1385 1653 non
1405 1614 1489 1652 fue-

38 1703 41 1705 ·
66 1682 144 1731 rit,
171 1694 245 1720 nec
273 1682 323 1720 ad
345 1682 472 1733 ipsum
495 1695 620 1733 usque
646 1682 801 1722 feretur.
856 1683 970 1721 Nunc
1000 1684 1050 1722 ad
1079 1682 1323 1735 propositum
1350 1680 1489 1720 redea-

66 1760 164 1786 mus.
219 1747 530 1799 Super-scriptam
550 1760 600 1785 ex
617 1749 946 1801 superscriptione
963 1749 1258 1801 promissionem
1276 1763 1299 1787 a
1321 1761 1383 1787 me
1402 1759 1488 1785 me-
1508 1760 1552 1795 Ρ,
1570 1759 1636 1796 437

65 1812 206 1851 morati
222 1812 419 1864 Principes
438 1827 527 1851 cum
543 1814 760 1863 audissent,
788 1815 849 1852 nil
866 1816 991 1854 inesse
1014 1816 1096 1854 doli
1114 1821 1320 1867 putantes,
1349 1815 1486 1853 Grates
1507 1805 1581 1840 0⁰¹·
1606 1809 1626 1841 l

65 1879 137 1916 tibi
153 1877 429 1930 persolvimus,
458 1881 580 1929 aiunt,
609 1894 632 1917 o
648 1880 862 1931 Episcope:
890 1881 1001 1920 decet
1018 1883 1119 1920 enim
1139 1881 1367 1933 sapientiam
1379 1887 1486 1920 tuam

64 1945 184 1983 tantis
202 1945 463 1984 mediatricem
482 1946 722 1985 intercedere
737 1947 874 1996 rebus,
903 1948 1006 1986 solus
1028 1962 1068 1987 es
1093 1962 1142 1987 ex
1160 1947 1342 1997 Francis,
1370 1961 1486 2000 quem

65 2026 172 2052 nunc
200 2014 426 2064 diligamus;
454 2012 524 2049 sed
557 2025 646 2050 cum
676 2013 905 2064 depravata,
933 2019 973 2051 te
997 2014 1201 2064 hortante,
1231 2014 1486 2063 canuerint,

67 2086 107 2119 et
121 2080 198 2132 ipsi
227 2080 461 2130 diligentur:
489 2083 612 2128 tuque
628 2079 769 2117 iterum
790 2080 840 2118 ad
857 2094 928 2118 nos
952 2093 1041 2118 cum
1065 2080 1236 2130 veneris,
1262 2095 1345 2119 non
1364 2081 1486 2119 indo-

65 2153 180 2186 natus
196 2145 331 2184 abibis.
388 2146 541 2184 Corona
568 2159 683 2184 aurea
710 2152 945 2198 sceptroque
974 2160 1063 2185 cum
1095 2146 1174 2185 huc
1190 2148 1293 2186 ultra
1315 2148 1482 2196 rediero,

66 2225 129 2251 me
143 2212 387 2264 Nicephorus
415 2210 595 2261 donabit,
624 2213 767 2250 tacitus
798 2213 893 2254 dixi.
923 2226 928 2234 ¹
950 2213 1025 2251 Sed
1051 2212 1137 2260 hic,
1164 2213 1368 2265 inquiunt=
1395 2214 1485 2253 vult

67 2279 251 2317 Dominus
265 2284 357 2316 tuus
366 2278 634 2316 sanctissimus
652 2292 741 2316 cum
752 2279 985 2331 Imperatore
1004 2280 1158 2318 firmare
1176 2280 1385 2319 amicitiam
1401 2280 1484 2318 foe-

68 2343 159 2383 dere
187 2343 436 2395 nuptiarum?
476 2345 570 2382 Cum
596 2344 676 2383 huc
697 2346 890 2396 venirem,
919 2347 1048 2385 voluit
1055 2376 1067 2396 ,
1094 2348 1273 2399 inquam,
1302 2346 1368 2384 sed
1395 2346 1485 2396 quia

66 2422 128 2447 me
147 2408 217 2447 diu
242 2408 310 2446 hie
333 2416 507 2448 morante
533 2411 665 2450 literas
685 2426 765 2450 non
781 2412 929 2464 recepit
945 2410 1126 2465 σφάλμα,
1152 2414 1197 2452 id
1214 2419 1272 2451 est
1295 2411 1435 2451 vitium
1459 2417 1519 2453 an

65 2475 198 2524 vobis,
225 2488 360 2525 meque
379 2481 535 2526 captum
561 2484 676 2529 putat
702 2485 742 2516 et
767 2479 961 2528 vinctum,
989 2485 1214 2530 aestuatque
1229 2478 1379 2516 animus
1400 2476 1483 2514 eius

65 2547 194 2591 totus,
222 2547 268 2579 ut
292 2542 479 2591 Leaenae,
508 2544 645 2582 catulis
668 2545 812 2596 raptis,
841 2545 966 2583 donec
993 2546 1210 2585 vindictam
1235 2544 1338 2581 iusta
1363 2541 1483 2580 faciat

68 2607 289 2656 acerbitate,
317 2613 356 2644 et
374 2607 531 2658 nuptias
549 2608 774 2659 abhorreat,
802 2617 917 2661 atque
934 2612 1033 2650 iram
1056 2613 1099 2650 in
1118 2625 1189 2650 vos
1216 2613 1381 2647 evomat.
1437 2607 1480 2646 Si

66 2673 231 2724 ceperit,
258 2673 453 2724 inquiunt,
481 2688 562 2711 non
578 2674 742 2715 dicimus
760 2678 926 2728 Italiam,
953 2680 1020 2717 sed
1039 2691 1111 2716 nec
1130 2678 1214 2728 ipsa
1233 2674 1357 2726 capiet
1376 2686 1478 2723 eum,

65 2737 109 2774 in
137 2752 215 2789 qua
245 2746 354 2778 ortus
383 2745 459 2789 est,
486 2753 659 2792 pauper,
686 2749 726 2781 et
744 2752 937 2795 gunnata,
963 2745 1007 2782 id
1023 2750 1080 2782 est
1102 2742 1267 2794 pellicea
1299 2741 1477 2790 Saxonia,
