1676 3054
224 142 322 190 304
596 143 907 191 THEODOSII
932 142 1202 188 ACROASIS
1229 145 1280 189 V.

355 256 510 310 ἔχουσιν
529 252 583 303 ὥς
602 253 798 309 ἄχραντον
814 249 1136 308 ἒγκεχραμμένον.
1572 258 1619 292 70

355 322 433 366 ἴδει
449 322 525 378 γὰρ
546 321 664 369 ὄντας
682 321 724 362 ἐκ
746 316 984 372 μιασμάτων
1003 316 1080 372 ι’ἱγη

355 393 487 432 καλεῖν
505 388 700 443 ἄχραντον
718 386 815 434 τοὺς
831 382 1094 440 ξενοσπόρους
1111 381 1217 438 ἄγος.

351 455 489 512 χόρευε
510 453 647 496 λοιπὸν
662 452 856 509 Ἀφρικῶν
877 453 1050 504 Σικελία,

355 523 598 577 εὐαγγελίζου
614 524 712 563 πᾶσι
730 520 803 574 τὴν
823 519 1032 573 εὐθυμίαν,

354 590 563 643 ἐλευθεροῖ
577 603 620 629 σε
641 584 848 647 συντόμως
869 585 889 628 ὅ
913 582 1117 639 δεσπότης.
1577 587 1621 622 75

349 655 489 711 χόρευε
508 659 557 710 γῆ
567 687 580 707 ,
611 653 753 711 χόρευε
767 653 970 707 Ῥωμαίων
989 651 1077 706 ὅση,

355 722 411 771 ὡς
428 721 656 776 ηὗτύχησας
677 723 730 770 εἰς
750 718 978 775 ἀνακτόρων
998 718 1137 773 στέφη,

355 788 410 838 ὥς
429 788 647 837 ἓπλάτυνας
663 790 717 836 εἷς
734 787 786 829 τὰ
804 791 972 844 πατρῷα
993 783 1140 838 πλάτη,

355 855 410 905 ὥς
428 854 648 910 ἐκράτησας
667 859 747 896 τῶν
766 852 918 902 πάλους
933 850 1224 909 κρατουμένων.

355 924 439 965 εἴθε
461 920 689 978 προκύψαις
708 926 779 963 τοῦ
797 919 951 976 τάφου,
987 919 1278 964 Κωνσταντῖνε,
1577 922 1622 955 80

358 990 453 1032 εἴθε
465 987 703 1042 σκοπήσαις,
742 986 795 1036 ὥς
816 987 890 1041 ἔχει
908 986 959 1028 τὰ
975 985 1138 1041 Συρίας.

359 1055 479 1111 ἔγνως
497 1055 544 1097 ἂν
560 1056 667 1108 υἱὸν,
707 1053 760 1103 ὥς
783 1056 1001 1105 Φίλιππος,
1038 1049 1229 1104 ἱππότην·

359 1125 425 1164 καὶ
443 1126 586 1164 τοῦτον
607 1121 708 1170 εἶπες
718 1153 731 1172 ,
767 1116 835 1173 ,,ὦ
855 1121 1012 1172 τέκνον,
1051 1116 1152 1173 ζήτει
1169 1113 1328 1172 κράτος,

358 1189 431 1233 οὐκ
454 1187 617 1245 ἀρκετόν
635 1204 697 1230 σοι
713 1192 785 1243 γῆς
808 1187 902 1241 ὅλης
919 1188 985 1228 καὶ
1002 1185 1077 1241 γὰρ
1097 1181 1283 1240 κράτος.”

357 1254 523 1311 Κρήτης
538 1256 613 1311 γὰρ
639 1254 723 1304 οἷος
739 1259 819 1297 τῶν
837 1251 1074 1308 ὀδυρμάτων
1096 1248 1247 1298 στόνος.
1576 1258 1620 1292 85

360 1321 443 1371 οἶος
462 1323 697 1378 σπαραγμὸς
707 1354 721 1372 ,
754 1321 885 1376 ’γυμνὰ
902 1319 1105 1373 Ῥωμαίων
1126 1320 1220 1372 ξίφη

358 1389 455 1431 ὅταν
475 1391 654 1431 κατεῖδον
674 1388 838 1430 ἔνδοθεν
859 1384 1148 1442 πυργωμάτων,

356 1455 452 1498 ὅταν
473 1457 653 1498 κατεῖδον
676 1456 792 1497 τέκνα
815 1454 937 1509 μικρὰ
955 1453 1143 1508 μητέρας,

355 1524 429 1572 τὰς
446 1524 519 1576 μὲν
536 1521 697 1577 βρόχοις
718 1521 886 1563 ὄπισθεν
904 1518 1234 1575 ἓστρεβλωμένας,

355 1590 429 1638 τὰς
450 1591 493 1631 δὲ
511 1589 610 1644 πρὸς
628 1587 728 1642 αἷμα
744 1590 810 1631 καὶ
830 1586 936 1630 κόνιν
948 1586 1214 1642 πεφυρμένας,
1450 1588 1455 1599 ’
1574 1595 1620 1628 90

353 1657 428 1705 τὰς
449 1657 492 1698 δὲ
515 1655 725 1710 στοιχηδὸν
742 1657 797 1704 εἷς
816 1654 973 1711 σφαγὴν
995 1652 1261 1709 προκειμένας.

357 1724 438 1765 ἐκεῖ
453 1723 504 1765 τὰ
523 1723 639 1765 τέκνα
662 1723 857 1778 πατέρας,
894 1723 961 1763 καὶ
982 1720 1148 1776 πατέρες

355 1793 504 1839 παῖδας
522 1788 816 1845 κατησπάζοντο
827 1821 842 1843 ‚
877 1790 945 1830 καὶ
965 1792 1073 1845 κοινῇ
1095 1789 1208 1844 ξίφος
1245 1806 1247 1810 ·

313 1908 370 1943 71.
388 1908 443 1942 72.
467 1903 537 1952 ἅγη
560 1910 595 1943 et
617 1904 704 1953 ἅγος
725 1908 767 1942 F.
797 1904 1015 1951 ξενοπόρους
1028 1906 1068 1940 C.
1091 1908 1209 1940 contra
1227 1903 1301 1940 cod.
1319 1902 1427 1938 fidem.
1483 1905 1538 1940 78.
1560 1899 1648 1936 πλά-

313 1965 379 1995 γη,
402 1952 437 1985 in
460 1958 529 1987 not.
552 1955 628 1998 lego
649 1951 801 1997 πελάγη,
827 1954 973 1997 expende
994 1958 1118 1987 tamen.
1142 1951 1183 1984 C.
1236 1948 1354 1994 πλάτη
1376 1948 1450 1983 cod.
1483 1950 1572 1982 teste
1605 1947 1646 1980 F.

312 1998 367 2032 83.
403 1995 515 2041 ζήσει,
553 2010 619 2042 mg.
652 1997 747 2042 ζήτει
786 1998 827 2032 C.
858 2003 895 2031 ut
927 1998 1002 2032 cod.
1030 2016 1077 2022 —-
1107 1996 1201 2029 Fort.
1233 1995 1296 2030 καὶ
1323 1991 1424 2029 τοῦτ’
1460 1990 1506 2028 ἂν
1536 1990 1645 2034 εἶπες.

315 2042 370 2078 85.
392 2044 533 2088 κρητῆς,
553 2043 589 2076 in
609 2049 678 2077 not.
697 2044 773 2088 lego
792 2044 942 2088 κρητῶν.
971 2043 1011 2076 C.
1088 2043 1143 2079 89.
1164 2038 1435 2087 ἐστρεβλυμένας
1448 2037 1490 2071 C.

224 2151 320 2186 quam
337 2142 408 2175 sine
425 2142 562 2185 mocula,
582 2143 751 2188 pollutam,
774 2145 939 2187 tamquam
957 2139 1158 2185 impollutam
1174 2139 1306 2173 habent.
1339 2137 1530 2183 Oportebat
1549 2136 1645 2178 enim,
1674 2141 1676 2143 '

223 2193 263 2220 ut
289 2186 324 2219 in
348 2186 500 2220 sordibus
524 2187 689 2230 instituti,
714 2188 839 2221 scelera
856 2188 997 2220 barbaro
1016 2186 1082 2219 orti
1107 2197 1149 2219 ex
1175 2195 1298 2228 genere
1310 2187 1470 2218 vocarent
1490 2182 1647 2216 immacu-

221 2232 302 2266 lata.
346 2232 495 2264 Iamvero
513 2232 639 2266 laetare
658 2233 886 2266 Africanorum
909 2231 1044 2271 Sicilia,
1068 2229 1232 2263 annuncia
1247 2228 1393 2262 omnibus
1409 2227 1590 2267 laetitiam,
1609 2230 1647 2259 te

221 2277 288 2311 cito
310 2276 345 2309 in
360 2276 545 2310 libertatem
561 2277 746 2311 vindicabit
762 2277 920 2321 Despota.
966 2274 1117 2315 Exsulta,
1142 2274 1271 2308 exsulta
1287 2279 1396 2314 terra,
1419 2283 1507 2318 quae
1523 2273 1646 2306 Roma-

222 2322 274 2356 nis
293 2321 456 2360 subiaces,
479 2322 569 2365 quod
586 2322 667 2354 felix
682 2323 773 2355 facta
794 2334 829 2355 es
847 2322 882 2354 in
907 2331 1028 2354 corona
1054 2319 1202 2363 Regum,
1225 2319 1313 2362 quod
1335 2317 1483 2351 dilatasti
1502 2316 1646 2349 ditiones

223 2366 373 2411 patrias,
396 2365 484 2409 quod
510 2367 675 2410 superasti
702 2370 856 2410 potentes
874 2366 907 2399 in
925 2364 1072 2410 praeliis.
1117 2364 1270 2404 Utinam,
1293 2361 1531 2402 Constantine,
1553 2372 1573 2394 e
1590 2371 1647 2394 se-

223 2411 339 2456 pulcro
357 2421 533 2453 surgeres,
557 2410 678 2443 utinam
696 2412 924 2455 prospiceres,
957 2409 1117 2454 quomodo
1143 2420 1179 2442 se
1201 2409 1326 2442 habent
1349 2419 1404 2441 res
1421 2406 1561 2450 Syriae,
1583 2415 1645 2438 no-

224 2467 335 2490 sceres
355 2454 467 2496 filium,
490 2460 527 2488 ut
542 2455 730 2499 Philippus,
755 2456 912 2500 equitem,
934 2455 1031 2498 eique
1052 2454 1203 2494 diceres,
1227 2453 1319 2495 „fiii,
1342 2451 1433 2486 aliud
1445 2460 1567 2494 quaere
1582 2449 1646 2482 im-

224 2500 362 2545 perium,
384 2511 450 2533 non
467 2500 553 2533 enim
564 2499 627 2533 tibi
639 2500 809 2544 imperium
826 2499 929 2533 totius
945 2499 1034 2532 orbis
1050 2498 1210 2532 sufficit.‘’
1233 2497 1304 2532 Sed
1315 2498 1438 2531 Cretae
1448 2494 1554 2540 qualis
1571 2495 1646 2527 erat

225 2545 366 2589 gemitus
388 2545 508 2578 miser!
539 2545 647 2589 qualis
675 2545 843 2585 turbatio,
876 2543 980 2576 nudos
1006 2544 1226 2577 Romanorum
1247 2554 1343 2576 enses
1370 2540 1482 2574 statim
1504 2550 1544 2572 ac
1565 2549 1645 2571 con-

225 2594 409 2633 spexerunt
427 2601 469 2622 ex
491 2590 639 2623 turribus
652 2614 662 2630 ,
698 2590 808 2622 statim
835 2599 875 2622 ac
903 2588 1034 2633 parvuli
1057 2589 1214 2622 viderunt
1237 2590 1391 2628 matres,
1406 2586 1490 2620 alias
1513 2586 1645 2630 quidem

225 2639 303 2678 post
327 2639 426 2677 terga
450 2634 583 2668 strictas
611 2634 773 2675 vinculis,
796 2633 879 2667 alias
904 2638 1013 2666 autem
1038 2634 1198 2677 sanguine
1224 2632 1401 2672 foedatas,
1431 2634 1468 2665 et
1494 2631 1644 2684 pulvere,
1672 2656 1676 2663 -,

225 2678 309 2714 alias
328 2679 503 2714 ordinatim
527 2680 572 2714 ad
593 2679 726 2714 caedem
750 2678 938 2724 expositas!
959 2678 1008 2713 ibi
1029 2678 1091 2713 filii
1113 2683 1246 2725 patres,
1268 2680 1304 2712 et
1324 2679 1440 2722 patres
1460 2675 1548 2710 filios
1573 2686 1643 2710 am-
