1754 2996
259 116 364 172 488
725 122 771 168 C.
798 123 844 164 B.
872 119 1024 165 HASII
1050 120 1275 165 NOTAE-

269 224 496 284 ριότροπος,
525 228 666 265 multis
685 234 805 279 atque
822 225 919 264 adeo
937 227 1010 277 ms
995 228 1110 264 mm·
1127 224 1270 275 modis,
1299 225 1536 265 adiectivum
1555 227 1592 264 S.
1605 226 1702 264 Gre—

269 285 378 337 gorio
398 285 574 335 Nysseno
600 283 804 322 familiare.
859 282 1027 320 Humilia
1056 296 1144 321 vnr.
1172 283 1215 320 in
1234 282 1512 322 Ecclesiast.1.
1536 283 1631 326 460.
1657 283 1701 320 Β.

269 345 356 389 πῶς
376 336 634 393 μυριᾶτροπός
663 339 743 379 ἐστι
768 354 866 378 κατα
889 341 961 390 τῆς
986 340 1060 390 σῆς
1090 335 1242 386 πόλεως
1270 336 1300 390 ἦ
1327 341 1402 378 τοῦ
1433 334 1703 390 ἐπικειμένου

270 397 488 450 στρατηγία.
520 397 665 433 Contra
685 396 810 433 fatum
824 397 917 437 910
930 395 974 433 D
998 394 1041 434 ἐν
1058 399 1143 442 ταῖς
1159 391 1436 447 μυριοτρόποις
1452 397 1535 435 τῶν
1550 392 1704 444 ὅὲστρων

266 451 800 499 ἕπιπλοκαῖς.Α11ν81“11111111
830 448 1095 503 μυριοτρόπως
1122 451 1228 502 apud
1256 450 1423 488 eundem
1453 450 1595 489 Contra
1619 451 1705 487 Eu·-

268 509 443 549 110111.ΙΙ.
471 509 538 550 43.
559 507 604 544 A.
636 513 675 544 et
704 511 770 549 69.
801 507 842 545 C.
904 507 1026 544 Voces
1063 520 1153 544 cum
1176 506 1295 545 verbo
1326 506 1448 557 χίλιος
1469 506 1705 558 compositas

266 566 437 604 necdum
461 564 505 601 in
529 563 670 601 Lexica
697 568 875 614 receptas
903 568 981 600 tres
1008 562 1323 600 animadvertisse
1349 560 1449 599 mihi
1473 562 1577 601 visus
1604 575 1705 609 sum,

236 631 373 673 Bquae
400 626 493 658 sunt
513 619 723 657 eiusmodi.
755 617 809 669 1.)
841 616 1136 670 Χιλιονταετής,
1165 618 1191 657 1.
1215 632 1252 668 q.
1281 617 1446 670 χιλιέτης
1474 632 1503 655 s·
1526 616 1704 670 χιλιετης,

256 680 343 730 qui
368 677 478 713 mille
502 689 700 713 αηηοιαηι
728 682 799 714 εει.
841 675 879 712 S.
903 674 1074 712 Iustinus
1099 675 1261 725 Martyr·
1269 674 1433 723 Apolog.
1467 687 1541 726 pro
1561 674 1705 713 Christ.

269 737 335 776 57.
356 734 400 771 B.
430 732 598 772 αἰωνίαν
628 729 786 771 κόλασιν
811 729 1194 782 κολασθησομένων,
1225 726 1312 770 ἄλλ’
1345 726 1434 781 ου’χὶ
1465 731 1708 782 χιλιονταετῆ

269 789 468 840 περίοδοκν
526 790 581 838 2.)
618 785 955 837 Χιλιονταετηρὶς,
985 788 1166 837 spatium
1183 787 1293 822 mille
1321 800 1540 835 annorum,
1573 787 1706 822 curri-

271 846 404 882 culum
423 844 708 884 millenarium
747 844 785 881 S.
802 841 1048 893 Epiphanius
1064 842 1225 880 Advers.
1236 841 1342 879 haer.
1362 844 1483 884 1031.
1507 843 1549 880 A.
1567 845 1709 893 χιλιον-

268 901 474 966 ταετηρίδα
492 897 581 940 τινα
606 899 868 950 ἐπιτελοῦμεν
902 899 945 937 Β.
965 897 1179 952 γέγραπται
1200 896 1289 948 περὶ
1311 900 1383 948 τῆς
1410 898 1708 949 χιλιονταετηρί-

273 958 342 1003 δος
359 951 516 1006 ταύτης.
572 955 670 992 Item
693 956 811 997 1032.
836 954 881 993 Β.
911 960 950 991 et
981 955 1019 992 S.
1047 953 1230 992 Iustinus
1250 953 1402 1004 Max-tyr
1422 953 1585 1004 Dialogo
1617 966 1709 991 cum

270 1011 484 1063 Tryphone
501 1014 595 1053 307.
617 1011 661 1049 Β.
699 1008 753 1062 3.)
778 1011 1048 1050 Χιλιονταετία
1066 1010 1170 1047 idem
1189 1009 1294 1060 quod
1315 1009 1562 1060 praecedens.
1592 1009 1708 1047 Caius

268 1069 469 1107 Adversus
495 1066 703 1115 Proclum‚
733 1066 848 1131 apud
861 1066 997 1104 Euseb.
1021 1065 1248 1106 Hist.Ecc1
1271 1068 1364 1107 100.
1385 1066 1429 1103 A.
1455 1061 1629 1117 αριθμόν
1653 1080 1710 1116 χι-

270 1124 517 1170 λιονταετίας.
574 1122 720 1161 Vocem
749 1117 953 1173 χιλιόμβη,
982 1122 1227 1172 sacrficium
1257 1136 1276 1158 e
1306 1121 1416 1158 mille
1447 1121 1708 1170 animalibus,

269 1181 347 1218 iam
366 1179 511 1217 habent
533 1178 608 1215 alia
635 1177 789 1218 Lexica.
847 1179 1028 1215 Summus
1055 1178 1119 1216 vir
1137 1176 1394 1215 Schneiderus
1412 1177 1546 1215 attulit
1568 1183 1710 1214 aucto-

269 1236 428 1276 ritatem
451 1234 592 1272 Iuliani
619 1234 728 1272 Orat.
757 1232 806 1270 ad
834 1233 1061 1271 Heraclium
1093 1233 1228 1284 Cynic.
1249 1233 1279 1272 Ι.
1307 1233 1401 1275 314.
1427 1235 1473 1271 A.
1529 1233 1710 1279 Utuntur

271 1298 472 1344 praeterea
501 1291 538 1328 S.
560 1290 771 1340 Gregorius
795 1289 995 1340 Nyssenus
1024 1290 1071 1327 In
1096 1290 1207 1326 Cant.
1238 1289 1348 1327 Cant.
1370 1289 1400 1327 Ι.
1422 1289 1515 1331 475.
1543 1289 1584 1326 C.
1613 1287 1711 1341 (ubi
1749 1315 1753 1318 «

273 1347 456 1385 scribitur
470 1344 666 1397 χιλιομβή,
696 1358 911 1396 perperam,
943 1343 1112 1398 opinor.)
1150 1346 1377 1396 Anonymus
1395 1344 1488 1382 Vita
1507 1346 1548 1383 S.
1569 1345 1710 1384 Ioanm

274 1403 530 1454 Ch1ys.V111.
553 1404 646 1444 333.
666 1404 730 1443 18.
758 1402 796 1438 S.
813 1401 923 1438 Nilus
937 1402 991 1440 De
1011 1407 1100 1440 octo
1122 1400 1270 1440 vitiosis
1289 1400 1445 1451 cogitat.
1464 1400 1530 1444 49.
1541 1400 1584 1438 B.
1603 1414 1710 1438 non-

272 1460 450 1509 nullique
469 1458 536 1496 alii
553 1463 676 1495 aetate
695 1456 915 1495 inferiores.

240 1530 270 1560 c
384 1517 488 1566 Pag.
520 1514 610 1556 157.
639 1514 710 1550 lin.
741 1515 779 1554 8.
806 1509 953 1563 Ἐσθης
969 1508 1094 1552 τούτω
1113 1509 1252 1563 λευκή,
1283 1507 1402 1551 οὐδέν
1416 1525 1454 1552 τι
1467 1513 1547 1552 τῶν
1568 1511 1711 1563 ἑτέρων

275 1567 574 1609 ’ὕπαλλάττουσα
600 1565 630 1620 ἢ
657 1564 925 1621 καθαρότητι]
967 1568 1063 1605 Inde
1095 1569 1257 1605 emenda
1293 1568 1472 1606 Priscum
1503 1567 1552 1606 de
1586 1567 1714 1605 Attila

274 1625 379 1665 Hist.
400 1624 517 1662 Goth.
537 1629 602 1666 67.
621 1624 665 1662 A.
688 1624 737 1662 ad
758 1637 903 1681 quam
895 1625 1062 1662 Leonem
1083 1623 1297 1675 respexisse
1318 1623 1445 1662 dicas:
1471 1621 1557 1675 λιτὴ
1578 1621 1622 1663 δὲ
1642 1639 1712 1662 αυ-

274 1684 331 1735 τῷ
349 1680 418 1720 καὶ
435 1680 465 1733 ἡ
485 1677 609 1731 ἐσθής
630 1676 839 1746 ἐτύγχανεν
853 1674 972 1728 οὖσα,
1001 1677 1129 1730 μηδὲν·
1143 1694 1226 1719 των
1246 1677 1404 1727 αλλων,
1425 1676 1532 1731 πλην
1549 1681 1623 1719 τοῦ
1641 1694 1710 1719 κα·
1711 1695 1714 1700 ·

275 1722 386 1790 θαρᾶ
410 1734 532 1785 εἶναι,
561 1732 889 1786 διαφυλάττουσα.
945 1736 1021 1773 Π111
1038 1735 1243 1785 Ιοοθηᾱηιη
1264 1732 1554 1775 διαλλάττουσα.

388 1792 491 1831 Ibid.
520 1768 593 1830 'lim
621 1796 686 1834 21.
713 1787 895 1842 Ἰωάννης
916 1789 972 1842 δὲ]
994 1792 1100 1828 Haec
1120 1804 1243 1842 usque
1263 1791 1313 1828 ad
1327 1804 1413 1842 pag
1435 1791 1529 1832 158
1551 1789 1621 1829 lin·
1641 1790 1708 1833 25-

274 1845 540 1901 παρεσκεύασε
569 1847 822 1885 Combefisius
842 1847 963 1885 vertit
981 1848 1085 1899 apud
1116 1848 1202 1897 Pag.
1226 1847 1307 1884 IV.
1321 1849 1388 1889 33.

386 1904 713 1955 Pag.158.lin.
745 1905 809 1947 13.
838 1902 1031 1950 ὑποθεὶς,
1060 1902 1302 1954 substratis]
1333 1900 1584 1940 combefisius
1609 1901 1711 1939 sub-

275 1961 438 2008 tractis,
473 1959 614 1997 mendo
632 1959 773 2010 opinor
790 1972 1010 2010 operarum.

386 1990 488 2054 lb’id.
519 2015 590 2051 lin
619 2019 685 2057 20.
714 2019 797 2061 τοῖς
811 2029 852 2054 τε
868 2018 949 2054 ταῖν
968 2016 1134 2064 δαφναῖν
1157 2009 1333 2076 κλαδοις]
1363 2011 1590 2050 Gedrenus
1576 2024 1709 2062 ipsum

274 2070 466 2121 populum
486 2077 715 2108 cmonatum
736 2070 965 2121 Imperatori
987 2070 1139 2108 obviam
1159 2070 1392 2120 processisse
1414 2074 1553 2105 auctor
1577 2073 1636 2104 est
1659 2067 1708 2104 II.

277 2128 370 2167 682.
394 2126 436 2163 C.
453 2124 688 2173 ὑπεδέξαντο
707 2129 1109 2179 στεφανηφοροῦντες.
1139 2125 1206 2162 Sic
1224 2124 1326 2162 enim
1345 2123 1566 2174 legendum,
1586 2120 1715 2202 Cotid.

278 2192 434 2232 quoque
455 2181 808 2230 consentientibus,
838 2196 918 2219 non
939 2183 1328 2245 στεφανηφοροῦντα.

388 2235 490 2276 Ibid·
519 2237 591 2274 lin·
611 2236 678 2279 24.
707 2234 756 2277 τὰ
775 2240 846 2290 τῆς
864 2238 1127 2290 βασιλείας-
1139 2231 1367 2288 παρασημα]
1385 2233 1568 2286 Agathias
1582 2233 1710 2277 32³1)-

759 2423 832 2465 IN
868 2423 1132 2467 LIBRUM
1169 2421 1224 2464 X.

127 2524 164 2557 Ρ.
189 2521 258 2560 249
388 2516 493 2567 Pag·
523 2517 615 2557 160
641 2511 713 2553 lin.
744 2516 781 2555 1.
811 2514 971 2563 Θερείας
991 2511 1034 2554 δὲ
1053 2510 1158 2564 ω’ρας
1177 2509 1451 2563 ἐνισταμένης]
1472 2509 1709 2573 Complecti-

277 2577 344 2608 tur
360 2569 393 2609 is
414 2572 514 2609 liber
533 2576 637 2621 gesta
664 2583 856 2607 annorum
877 2572 969 2611 973.
991 2575 1030 2606 et
1055 2569 1155 2611 974·
1185 2582 1275 2606 nam
1303 2569 1391 2606 silet
1408 2568 1486 2605 Leo
1510 2566 1559 2604 de
1584 2565 1709 2603 initiis

278 2626 394 2674 belli,
423 2627 703 2681 obsidioneque
721 2625 881 2663 Amidae
911 2639 946 2663 a.
971 2627 1065 2666 972.
1095 2637 1117 2660 a
1145 2624 1337 2662 Temelico
1368 2621 1529 2671 Melehi,
1558 2627 1604 2659 ut
1630 2622 1710 2658 Ar-

278 2682 381 2719 meni
404 2682 607 2732 scribunt,
636 2688 839 2732 suscepta,
870 2681 917 2717 de
939 2694 1015 2730 qua
1035 2681 1254 2719 v.D1'taile
1272 2679 1318 2716 de
1336 2679 1379 2715 la
1386 2693 1441 2728 pt
1442 2679 1579 2714 εηιιῖἑιε
1596 2679 1710 2727 expe-

280 2736 409 2775 ‹lition
427 2736 495 2775 des
511 2738 712 2776 ΟΙινέίίεηε
728 2736 833 2775 dans
850 2736 892 2773 la
912 2734 1330 2785 I'alestt'ne‚t1aduhts
1352 2733 1400 2770 de
1419 2733 1453 2771 l’
1464 2734 1711 2771 arme'nienen
