1754 2996
275 133 376 181 506
612 178 615 184 ,
663 146 666 149 ’
726 140 776 184 c
803 130 1274 185 B.HA811³NOTAE²

286 241 420 309 αγιον
429 239 482 285 ’A
540 244 792 284 confusionis
818 258 962 283 vocum
995 241 1094 285 κατὰ
1128 249 1168 282 et
1197 235 1306 285 κάτω
1329 243 1519 310 pauciora
1552 236 1741 299 εΧεωΡΙιι’

275 300 446 340 invenio
463 302 568 354 apud
587 301 798 353 scriptores
824 301 995 339 Graecos
1015 299 1135 339 medii
1157 301 1267 350 aevi,
1291 299 1435 340 ‘velut'
1422 315 1467 340 m
1491 301 1732 354 Pachymere

283 357 436 396 Histor·
466 357 497 398 Ῑ.
522 357 618 400 341.
647 358 690 396 Ε.
718 357 761 398 ἐν
781 360 840 427 τῷ
867 359 942 397 τοῦ
970 356 1086 409 ἆγίου
1112 353 1331 405 Αυξεντίου
1361 356 1498 413 βόυνῷ
1522 357 1628 399 κάτω
1651 371 1732 398 που

281 428 378 460 τους
411 410 611 466 πρόποδας
643 400 918 468 σκηνουμὲνῳ·
958 413 1026 452 ubi
1052 414 1262 463 legendum
1291 413 1473 463 videtur,
1507 410 1607 455 κατά
1635 429 1729 454 που.

283 470 411 509 Multo
441 469 552 521 plura
581 469 823 507 confusionis
850 482 996 508 vocum
1016 467 1121 509 nato}
1146 475 1184 507 et
1211 467 1330 522 μετα,
1360 470 1411 508 ob
1427 467 1620 521 siglorum
1653 468 1724 529 ,ζῷ

285 539 325 570 et
349 523 442 586 ἀξξ
461 531 504 568 in
522 529 732 567 codicibus
751 529 843 567 inde
863 544 884 567 a
904 531 1059 568 saeculo
1081 529 1315 568 duodecimo
1337 542 1526 568 summam
1542 531 1734 570 similitu—

285 588 430 628 dinem,
490 586 635 625 Velut
624 600 665 623 m
686 588 724 625 S.
748 585 958 638 Ephraimo
981 586 1034 624 De
1051 586 1282 638 persection.
1300 585 1471 624 hominis
1493 586 1559 625 111.
1578 588 1672 630 299.
1689 587 1731 626 B.

283 644 388 682 inter
408 656 614 682 aerumnas
638 642 742 680 Noae
762 656 850 680 cum
871 648 932 680 tot
947 642 1203 680 animalibus
1192 655 1234 679 in
1254 648 1456 692 angustam
1475 656 1605 681 arcam
1626 657 1733 681 com-

285 700 413 769 pacti:
442 700 500 747 τίς
519 697 562 738 δὲ
578 698 683 738 εἴποι
699 696 769 745 τάς
786 695 880 750 μετοὶ
898 695 967 738 τόν
986 695 1255 749 κατακλυσμὸν
1273 699 1559 751 ταλαιπωρίας·
1589 699 1731 749 scribe,

286 753 386 796 κατοῖ
407 753 472 796 τὸν
492 751 786 806 κατακλυσμόν·
814 754 1067 806 praesertim,
1106 754 1139 791 si
1158 754 1357 805 sequentia
1377 754 1584 806 respicias:
1613 755 1732 793 Asse-

282 826 421 850 manus
442 818 572 849 tamen
592 809 712 849 vertit
732 809 865 848 eodem
894 808 1047 857 ειτὸιε,
1078 811 1264 847 miseria-s·
1276 817 1373 861 post
1396 809 1611 848 diluvium.
1667 811 1733 849 Si-

282 868 377 907 mile
395 867 580 920 mendum
597 865 761 904 haeret
749 880 790 903 ιιι
809 872 923 904 textu
940 866 1234 917 pseudosynodi
1255 866 1498 904 Palamiticae
1507 867 1592 908 Act.
1612 867 1730 906 Cone.

284 919 378 962 edit.
406 923 525 962 Paris.
551 922 619 960 Xl.
647 922 743 964 344.
772 922 816 960 A.
850 925 1093 988 φανεροῦται
1122 920 1187 970 δὲ,
1218 917 1268 962 οὖ
1295 937 1395 962 κατα
1415 920 1489 974 την
1513 918 1753 963 ουσίαν--

284 975 383 1019 ἄλλα
403 995 497 1031 μετα
517 977 559 1030 [Ι.
580 976 693 1029 κατὰ]
720 994 792 1028 την
812 975 951 1030 χάριν·
983 991 1078 1029 quae
1090 979 1238 1016 eadem
1259 991 1381 1030 prava
1403 978 1554 1030 lectio
1541 984 1585 1016 ιιι
1613 972 1732 1017 Com-

249 1036 510 1074 Bbefisianam
530 1048 683 1085 quoque
700 1034 791 1071 edit.
804 1034 993 1072 manavit:
1013 1048 1084 1072 vel
1087 1034 1142 1072 sio
1163 1040 1293 1072 tamen
1307 1034 1445 1072 Latina·
1454 1033 1656 1084 recte,s·ed
1667 1049 1732 1073 ae-

281 1091 461 1129 cundum
487 1092 680 1142 gratiam.
725 1090 821 1127 Item
843 1090 945 1141 apud
965 1090 1217 1141 Gregentium
1245 1090 1510 1142 Tephrensem
1531 1090 1726 1159 Disputat.

284 1161 375 1186 cum
386 1147 567 1185 Herbano
587 1146 731 1183 Iudaeo
751 1148 818 1188 37.
839 1146 877 1184 b.
892 1147 934 1184 B.
954 1143 1177 1199 ηὗτᾶρκησε
1189 1149 1334 1205 στῆναι
1353 1144 1448 1214 μετοῖ
1463 1149 1539 1188 τοῦ
1555 1143 1729 1199 ἅρχιεπι-

283 1199 449 1253 σκόπου,
471 1202 717 1240 manifestum
738 1207 798 1239 est
817 1202 1023 1253 legendum
1043 1216 1125 1240 esse
1147 1205 1286 1254 στῆναι
1305 1199 1425 1243 κατά
1447 1203 1576 1242 versio
1590 1203 1728 1241 Latina

282 1266 411 1307 recte,
442 1266 581 1296 contra
606 1258 949 1309 archiepiscopum
969 1261 1010 1296 in
1029 1257 1303 1310 disputatione
1317 1260 1434 1297 stare.
1478 1259 1728 1297 Contrarium

283 1289 462 1353 accidit*
452 1329 493 1352 ιιι
516 1314 689 1352 Nectarii
711 1314 956 1353 patriarchae
980 1315 1245 1366 Responsione
1265 1315 1316 1352 ad
1341 1314 1549 1352 Claudium
1572 1317 1663 1357 181.
1681 1315 1727 1357 Α.

281 1374 383 1412 ποῦ
373 1367 702 1441 πρότερον,ῌκατα
677 1368 746 1423 ’[1.
755 1368 867 1422 μετα]
878 1369 1086 1423 Ἑβραϊκὸν
1102 1369 1213 1420 λαον,
1224 1386 1267 1411 το
1280 1367 1532 1424 ευαγγελικον
1543 1370 1727 1424 διέδραμίε

281 1423 486 1479 κήρυγμας
507 1423 595 1478 οὐχὶ
614 1441 771 1478 πρωτον
789 1427 845 1474 εἷς
863 1441 956 1473 τους
960 1425 1177 1477 ’Ἕλληναςς
1193 1426 1322 1465 versio
1327 1427 1469 1464 Latina
1486 1432 1606 1475 recte,
1628 1434 1728 1478 post

281 1484 531 1521 Hebraicum
545 1483 765 1533 populum.-
796 1481 980 1534 apudque
995 1483 1262 1520 Alexandrum
1285 1482 1481 1520 rhetorem
1506 1482 1563 1520 De
1588 1482 1726 1534 figuris

282 1538 505 1578 sententian
530 1552 574 1576 ac
596 1539 736 1579 elocut.
756 1541 822 1580 61.
846 1538 885 1575 C.
902 1539 976 1589 leg.
1000 1551 1098 1578 ωστε
1118 1535 1216 1589 μεθ’
1234 1537 1389 1591 ἑτέρων,
1411 1551 1493 1576 non
1511 1551 1610 1579 ωστε
1625 1535 1728 1579 καθ’

282 1595 446 1648 ἑτέρων·
478 1594 755 1645 Laurentiique
780 1594 995 1632 Normanni
1017 1594 1168 1644 versio,
1198 1601 1244 1631 ut
1263 1595 1490 1646 perplures
1506 1594 1635 1632 alias
1630 1596 1726 1633 uni-

281 1665 419 1690 tersas
450 1652 663 1688 sententiae
704 1650 879 1687 ambitus
909 1651 1161 1696 absolvatur,
1201 1650 1260 1687 sic
1288 1656 1347 1688 est
1371 1650 1640 1701 immutanda,
1678 1658 1726 1689 ut

281 1722 373 1744 cum
401 1708 497 1744 aliis·
513 1707 680 1758 plenam
705 1709 954 1744 sententiam
962 1707 1052 1759 ‹ffer
1055 1714 1138 1745 ant.
1192 1708 1340 1744 Pravae
1363 1706 1584 1744 coalitionis
1606 1716 1725 1758 prae-

279 1777 353 1815 pos
337 1763 495 1801 sitionis
504 1760 603 1802 nocto?
622 1776 711 1801 cum
729 1775 829 1800 voce
847 1762 1132 1814 subsequente
1119 1763 1271 1812 insigne
1286 1761 1540 1832 exemplum
1527 1775 1571 1799 ιιι
1591 1764 1725 1801 Oenu-

280 1819 401 1856 menii
426 1820 622 1857 Enarratt.
644 1819 687 1856 in
710 1819 806 1856 Acta
837 1819 974 1870 Apost.
1003 1819 1033 1858 I.
1068 1819 1161 1860 104.
1190 1819 1237 1856 D.
1261 1817 1291 1870 ἦ
1314 1833 1389 1859 ουν
1422 1819 1623 1869 διαφωνία
1650 1821 1726 1859 τοῦ

280 1871 473 1926 ὀνόματος
501 1874 679 1915 ἐνταῦθα
699 1896 755 1904 -
777 1871 807 1927 ἢ
835 1872 1123 1926 κατάσφαλμα,
1154 1889 1209 1922 ως
1237 1871 1359 1924 εἰκὸς,
1387 1871 1586 1929 γραφικόν
1607 1873 1724 1928 γέγο-

243 1933 371 1979 Ονεν,
399 1927 428 1982 ἢ
443 1929 542 1970 κατὰ
559 1931 779 1982 διωνυμίαν
795 1930 969 1983 εἴρηκεν·
996 1931 1062 1969 ubi
1078 1943 1192 1968 nemo
1210 1944 1291 1968 non
1309 1930 1441 1978 videt,
1468 1930 1723 1969 scribendum

279 1998 361 2023 esse
392 1984 491 2025 κατοέ
519 1983 691 2038 σφάλμα.
751 1987 896 2025 Contra
921 1987 964 2024 in
994 1988 1033 2024 S.
1062 1985 1261 2024 Athanasii
1292 1986 1402 2025 Orat.
1432 1991 1569 2023 contra
1599 1993 1721 2037 gentt.

275 2040 306 2082 1.
341 2044 403 2083 16.
438 2042 480 2079 D.
509 2043 609 2080 male
639 2056 774 2080 cusum
798 2049 873 2091 est,
914 2037 1006 2083 κατ’
1032 2038 1224 2093 ἀλλήλους
1251 2057 1326 2095 γαρ
1358 2045 1442 2088 ταῖς
1468 2037 1624 2089 θυσίαις
1650 2039 1722 2090 τὰς

276 2092 437 2149 πράξεις
456 2093 558 2137 εἶναι
577 2095 671 2150 χρή·
701 2105 836 2149 estque
855 2112 905 2136 ex
932 2098 1082 2136 duabus
1103 2098 1240 2149 primis
1263 2110 1374 2135 voce.
1399 2110 1499 2148 una,
1528 2094 1721 2150 καταλλη-

228 2202 232 2205 μ
276 2154 383 2201 λους,
405 2152 696 2193 conflanda.1d
715 2154 853 2192 addidi
869 2164 1108 2192 summorum
1128 2154 1303 2191 virorum
1324 2151 1520 2190 Schaeseri
1539 2159 1578 2190 et
1595 2152 1719 2191 Bastii

275 2208 381 2246 notis
404 2208 453 2245 ad
475 2209 587 2259 Greg.
615 2209 793 2248 Corinth.
826 2214 891 2252 69.
918 2210 959 2248 C.
989 2210 1081 2253 285.
1105 2209 1147 2248 Β.
1178 2209 1271 2251 342.
1300 2208 1342 2248 C.
1363 2208 1464 2251 405.
1486 2209 1527 2246 C·
1556 2209 1704 2251 638.Β
1705 2237 1718 2248 .

275 2264 371 2306 825.
397 2263 438 2301 Β.
464 2263 532 2300 ubi
557 2262 655 2303 και-οἳ
683 2266 746 2302 vel
772 2265 1177 2317 perperam.scripta‚
1221 2265 1286 2302 vel
1313 2263 1448 2314 inique
1479 2266 1642 2316 expulsa
1666 2269 1719 2303 ex

275 2319 451 2357 oratione
472 2325 547 2357 est:
578 2320 683 2370 quod
700 2321 732 2357 si
750 2322 896 2359 referre
915 2321 1034 2368 velis,
1063 2321 1213 2370 quoties
1230 2319 1469 2370 significatus
1491 2321 1574 2357 eius
1597 2332 1719 2371 argu-

274 2375 392 2413 tiores
419 2388 562 2428 parum
591 2376 767 2427 percepti
791 2376 871 2415 sint
900 2391 922 2414 a
949 2376 1219 2425 viriswdoctiffi
1259 2388 1447 2427 secusque
1472 2375 1638 2424 redditi,
1677 2381 1719 2413 et

275 2431 401 2469 aliena
420 2445 464 2470 ea
480 2444 544 2470 res
567 2431 692 2469 videri
711 2432 835 2482 possit
855 2433 901 2470 ab
920 2432 1101 2470 instituto
1120 2438 1278 2481 nostro,
1309 2438 1348 2470 et
1364 2431 1551 2470 latissime
1567 2437 1716 2484 patere,

274 2487 326 2525 ad
345 2486 615 2539 plurimosque
635 2486 844 2538 pertinere.

385 2542 487 2582 Ibid.
523 2543 592 2583 lin.
621 2546 687 2586 21.
726 2541 891 2594 ἑσπέρας
922 2542 1196 2594 ἐνισταμένης,
1238 2543 1281 2584 ἐν
1308 2538 1338 2598 ᾗ
1364 2538 1527 2595 μνήμην
1551 2563 1605 2570 —
1634 2545 1717 2594 Δη-

218 2625 224 2630 -
272 2600 439 2650 μητρίου
472 2621 520 2628 —-
553 2597 771 2652 παρέλαβεν
795 2597 825 2650 ἦ
857 2596 1069 2650 συνήθεια]
1099 2599 1187 2637 Hoc
1215 2606 1275 2637 est
1305 2612 1340 2637 a.
1361 2599 1399 2637 d.
1419 2611 1498 2637 vn.
1531 2597 1618 2635 Kal.
1637 2598 1716 2635 No-

270 2654 421 2693 vembr.
452 2658 496 2693 «it
522 2654 710 2693 docemur
739 2667 828 2692 cum
848 2654 1029 2701 aliunde,
1059 2661 1145 2692 tum
1173 2668 1222 2692 ex
1249 2655 1483 2693 narratione
1501 2659 1652 2691 servata
1672 2653 1716 2691 in

267 2711 394 2748 veteii
414 2711 507 2748 cod.
534 2711 749 2761 Bib1.Reg.
774 2711 830 2747 De
856 2710 1053 2748 miraculis
1083 2712 1119 2750 S.
1143 2710 1348 2759 Demetrii,
1379 2709 1610 2747 auctoribus
1635 2721 1717 2747 va—

267 2765 359 2815 riis,
389 2780 557 2817 quorum
587 2766 657 2818 qui
685 2766 992 2815 recentissimus,
1023 2766 1222 2818 scripsisse
1257 2766 1417 2805 videtur
1449 2778 1550 2804 saec.
1575 2777 1619 2805 Χ.
1649 2764 1716 2802 in-
