1754 2996
260 130 371 179 2464
725 139 773 184 C.
799 140 845 185 B.
874 136 1027 183 HASH
1053 138 1251 185 NOTAE

270 243 350 283 fide
368 243 575 284 Christian
597 245 664 288 80.
682 244 724 283 Β.
749 247 839 287 119
857 243 901 283 Β.
919 246 1009 287 127.
1028 244 1070 282 C.
1094 245 1184 286 138.
1203 243 1247 288 C.
1266 244 1409 300 aliique
1427 245 1574 293 Patres,
1593 259 1703 298 prae-

270 302 405 340 sertim
423 302 600 353 priorum
622 301 878 339 saeculorum.
911 300 1044 352 Neque
1062 299 1192 338 minus
1208 301 1370 340 crebro'
1357 302 1532 341 mvenies
1545 302 1570 343 o‘
1585 299 1704 355 λόγος

267 357 514 409 simpliciter,
542 357 740 395 interdum
763 356 881 394 etiam
900 356 943 396 οἴ
960 353 1081 409 λόγοι,
1110 356 1240 394 eadem
1250 356 1704 423 significatione.1‹:use=-

268 413 356 451 bius
375 413 474 454 Hist.
492 414 640 451 Eccles.
664 413 754 454 143.
777 412 825 452 D.
847 415 990 464 μικροῦ
1007 413 1090 452 δεῖν
1110 407 1355 461 ἀποστάντας
1368 415 1442 454 τοῦ
1461 410 1580 468 λόγου
1588 416 1704 465 ,qui
1744 422 1748 426 ⁴

265 483 293 506 α
300 468 390 520 fide
402 467 689 520 propemodum
711 467 979 508 descivissent.
1025 467 1290 519 Athenagoras
1314 469 1444 520 Legat.
1464 481 1538 522 pro
1557 443 1702 511 Christ.

255 525 304 574 4.
329 525 376 564 Α.
407 521 538 573 οὐδεὶς
553 540 628 578 γαρ
649 521 880 576 Χριστιανὸς
906 539 1102 577 πονηρος,
1132 525 1169 564 εἰ
1194 540 1248 576 μη
1267 523 1520 577 »ὑποκρίνεται
1545 523 1615 566 τόν
1636 522 1701 566 λό’-

263 595 355 633 γον,
402 583 485 618 nisi
526 581 633 617 Ιιαηο
666 581 896 632 religionem
932 581 1113 618 simulat.
1179 579 1304 627 Quam
1343 581 1428 619 vim
1453 581 1561 621 vocis
1590 588 1700 632 noto,

227 637 407 706 Bquod
397 636 617 688 saepissime
645 636 789 686 fugerit
813 637 1060 688 interpretes.
1116 635 1233 674 Velut
1259 636 1303 674 in
1329 635 1574 688 Athenagora
1594 637 1633 679 4.
1654 637 1698 675 Β.

263 692 463 747 αρχομένῳ
492 690 774 745 ἀπολογεῖσθαι
801 690 900 745 ὑπὲρ
925 694 1001 732 τοῦ
1035 687 1172 745 λόγου,
1202 691 1466 742 defensionem
1491 693 1700 745 religionis·

263 763 373 798 orso,
403 749 604 786 conradus
639 748 830 786 Gesnerus
860 748 1000 797 vertit,
1033 747 1083 785 ab
1114 749 1232 784 initio
1265 750 1476 786 institutae
1504 751 1702 787 orationis·

263 818 380 842 meae.
409 805 459 842 Et
483 807 546 846 12.
570 804 617 843 A.
637 804 686 841 de
707 803 938 841 christianis
965 803 1151 855 operariis
1171 803 1327 842 infimae
1343 805 1594 854 conditionis,
1620 805 1702 857 qui,

262 862 301 897 si
322 875 390 897 ver
391 860 452 897 bis
482 860 700 897 utilitatem
723 860 933 910 religionis
960 874 1059 896 suae
1090 858 1358 898 demonstrare
1381 868 1598 912 nequeant,
1626 859 1703 913 τὴν

262 911 457 966 ωφέλειαν
473 918 669 971 παριστᾷν
688 915 788 955 εἰσὶν
809 911 1000 956 ἀδύνατοι
1017 913 1090 967 τὴν
1110 931 1217 968 παρα
1234 918 1319 956 τοῦ
1324 912 1468 969 λόγου,
1495 917 1612 955 rebus
1635 923 1702 955 ta-

261 985 355 1010 men
379 978 419 1009 et
440 957 632 1023 operibus
643 984 724 1009 eam
740 972 963 1018 declarant,
997 972 1192 1009 Gesnerus
1209 972 1304 1010 item
1327 978 1396 1010 aut
1420 973 1605 1011 mendose
1632 978 1702 1011 aut
1744 970 1747 972 ’

266 1033 370 1066 certe
400 1027 584 1078 obscure,
613 1030 652 1064 si
681 1028 841 1065 nnllam
863 1029 1128 1096 professionis
1155 1041 1251 1064 snae
1282 1029 1502 1066 utilitatem
1528 1028 1703 1067 exhibere

264 1091 423 1135 queant.
479 1083 748 1135 Opponuntur
767 1097 922 1134 quoque
944 1083 1087 1135 passim
1103 1099 1124 1124 ο
1112 1082 1324 1137 ἠμέτερος
1340 1081 1454 1138 λόγος
1471 1091 1510 1122 et
1541 1083 1563 1126 ὁ
1582 1081 1701 1137 λόγος

264 1138 290 1180 o‘
314 1137 559 1191 Ἑλληνικὸς,
587 1140 729 1190 religio
759 1147 899 1176 nostra
933 1146 972 1178 et
991 1141 1204 1190 persuasio
1233 1141 1411 1191 gentilis.
1477 1140 1608 1178 Velut
1620 1141 1700 1178 Mi-

264 1194 409 1233 chaelis
443 1195 561 1233 Pselli
598 1195 755 1232 libellus
797 1196 944 1234 Graece
982 1196 1160 1234 nondum
1197 1196 1325 1234 editus
1357 1196 1412 1234 De
1445 1195 1699 1261 opinionibus

265 1251 402 1289 Graec.
424 1251 529 1289 circa
551 1251 755 1288 daemones
784 1252 930 1303 (quem
949 1252 1148 1290 volumine
1171 1251 1354 1303 proximo
1377 1249 1563 1290 historiae
1591 1252 1700 1291 eius·-

263 1307 352 1344 dem
373 1306 490 1344 Pselli
514 1307 676 1345 fortasse
695 1306 917 1374 subiiciam)
937 1308 1092 1346 orditur
1113 1308 1189 1345 sic:
1218 1306 1261 1347 ‘O
1281 1306 1353 1359 μὲν
1369 1306 1555 1361 ἡμέτερος
1568 1304 1698 1360 λόγος,
1722 1326 1725 1328 ·

261 1361 506 1414 προαιρέσεις
525 1362 592 1402 καὶ
616 1367 698 1410 τοῖς
724 1358 900 1416 ἀγγέλοις
917 1359 1070 1411 διδούς·
1100 1364 1260 1414 Religio
1275 1371 1414 1401 nostra
1431 1377 1536 1414 quae
1549 1364 1698 1402 volun—

262 1425 363 1455 tates
374 1418 521 1456 liberas·
539 1420 660 1455 etiam
675 1419 829 1469 angelis¹
847 1418 1049 1458 concedit.-
1068 1419 1208 1469 quibus
1224 1419 1463 1471 respondent
1478 1420 1698 1469 sequentia:

261 1472 286 1513 ό
317 1472 361 1514 δὲ
387 1471 630 1540 Ἑλληνικὸς,
658 1470 832 1525 ἀναιρῶν
861 1472 936 1526 τὴν
956 1471 1140 1526 τοιαύτην
1174 1472 1305 1527 ῤὀπην
1328 1473 1392 1515 ἐπὶ
1411 1477 1493 1514 ταῖν
1512 1471 1699 1516 ἀπολελυ-

225 1528 394 1582 Ομένων
415 1532 488 1570 τοῦ
507 1526 684 1582 σώματος
704 1527 881 1580 φύσεων·
915 1527 974 1568 Gr
966 1544 1156 1567 uecorzcm
1181 1543 1270 1568 vero
1284 1532 1508 1581 per-suasio,
1527 1540 1699 1582 'propen-

259 1588 408 1623 sionem
439 1586 604 1623 liberam
639 1600 666 1623 a
696 1587 859 1623 naturis·
890 1588 1066 1637 corporis
1093 1586 1314 1637 expertibus
1340 1588 1538 1636 auserem.
1593 1587 1700 1626 Haec

260 1640 424 1694 (vereor
450 1655 501 1680 ne
530 1640 751 1693 prolixius)
780 1642 829 1679 de
853 1641 1046 1680 eiusmodi
1070 1642 1376 1694 significatione
1369 1642 1553 1681 vocabuli
1569 1639 1699 1696 λόγος,

259 1698 386 1748 deque
403 1698 512 1736 varia
532 1697 574 1736 vi
593 1697 893 1749 praepositionis
914 1713 1026 1746 κατα,
1052 1698 1227 1749 praefixo
1245 1698 1432 1736 articulo:
1460 1704 1550 1735 ante
1566 1704 1698 1737 tamen

259 1767 374 1803 quam
404 1754 455 1791 ad
482 1754 648 1792 Leonem
677 1754 854 1802 redeam,
883 1754 1058 1805 purgabo
1091 1754 1232 1791 mendo
1262 1754 1396 1792 locum
1424 1753 1611 1820 Stephani
1639 1755 1698 1792 De

258 1809 344 1846 urb·
373 1812 466 1851 730.
493 1810 524 1879 Ι
545 1823 632 1848 voc,
650 1806 803 1861 ‘Teium'
831 1807 875 1850 τὸ
891 1807 1055 1850 ε’θνικον
1067 1807 1270 1861 ι’Τωιιεηνὸς
1286 1812 1340 1863 τῷ
1353 1809 1544 1864 ἐπιχωρίῳ
1560 1805 1695 1864 τύπῳ·

260 1865 296 1903 εἰ
315 1863 358 1903 δὲ
376 1861 475 1905 καθ’
495 1863 613 1917 ἧμας,
641 1862 829 1913 ’Ὺωπεύςη
872 1866 1057 1903 Extrema
1075 1871 1235 1903 vertunt
1254 1850 1398 1903 Piriedo
1417 1871 1456 1903 et
1470 1866 1695 1905 Berkelius:

261 1919 373 1970 qnod
396 1922 433 1956 si
461 1923 577 1958 iaxta
596 1935 690 1970 noe,
719 1923 922 1971 Hyopeas.
977 1922 1058 1959 Nec
1083 1921 1290 1972 quicquam
1318 1927 1446 1958 mutat
1467 1920 1695 1959 Holstenius

255 1975 457 2025 Castigatt.
482 1977 526 2013 in
547 1976 681 2028 Steph.
700 1980 792 2019 338.
821 1978 864 2015 A.
887 1977 1065 2028 Corrige‚
1095 1977 1137 2016 oi
1154 1976 1197 2016 δὲ
1211 1973 1311 2016 καθ’
1328 1975 1459 2028 ημᾶς,
1487 1984 1695 2026 nostrata,

258 2037 418 2067 nostrae
444 2034 616 2082 regionis
645 2033 843 2070 homines:
886 2033 992 2083 quod
1022 2032 1238 2084 opponitur
1261 2034 1318 2088 τῷ
1347 2031 1537 2086 ἐπιχωρία)
1565 2028 1696 2097 τύποι,

249 2087 413 2136 formae
430 2087 480 2123 ab
500 2088 617 2125 illius
636 2091 811 2140 regioni-s*
827 2088 1056 2126 hominibus
1076 2090 1264 2125 usitatae.
1317 2116 1320 2117 γ

258 2168 263 2171 -
369 2141 472 2180 Ibid.
501 2143 571 2181 lin.
603 2145 667 2186 15.
699 2141 938 2197 Νικηφόρου
963 2159 1033 2183 τε.
1056 2139 1277 2190 .πεσόντος
1299 2139 1398 2195 προς
1416 2144 1496 2182 τῶν
1515 2144 1690 2190 Μυσῶν]

256 2196 349 2245 Qua
376 2197 420 2234 in
447 2198 556 2236 clade
584 2213 619 2238 a.
640 2202 733 2242 811.
757 2201 796 2239 d.
819 2201 885 2242 25.
910 2199 999 2237 Iulii
1028 2205 1164 2250 captus
1186 2205 1245 2236 est
1274 2211 1351 2236 una
1375 2211 1465 2235 cum
1495 2197 1693 2249 quinqua-

258 2253 366 2304 ginta
378 2252 540 2291 ducibus
556 2255 593 2291 S.
613 2255 747 2293 Petrus
758 2256 959 2305 Patricius,
983 2260 1023 2293 et
1043 2256 1093 2292 ad
1110 2261 1274 2293 mortem
1294 2268 1316 2291 a
1330 2253 1508 2303 Bulgaris
1529 2254 1694 2292 damna-

257 2314 343 2347 tus.
381 2308 474 2346 vide
508 2308 586 2346 eius
620 2310 748 2348 Vitam
777 2311 820 2348 in
841 2311 950 2348 Actis
981 2312 1048 2350 SS.
1080 2310 1172 2348 Iulii
1200 2310 1229 2349 Ι.
1259 2313 1352 2352 290.
1392 2310 1438 2350 D
1468 2310 1524 2349 De
1555 2309 1693 2347 eodem

259 2364 483 2411 calamitoso
510 2364 694 2416 praelio
682 2380 725 2402 ιιι
752 2365 916 2404 historia
935 2366 1082 2404 inedita
1102 2365 1245 2403 horum
1267 2372 1488 2435 temporum
1507 2365 1693 2414 leguntur

216 2421 349 2463 nilla:
380 2414 506 2467 Ουτος
524 2419 566 2460 ἔν
586 2423 644 2474 τῷ
669 2417 819 2489 ε’ννατῳ
844 2419 971 2476 χρόνῳ
991 2425 1062 2472 τῆς
1081 2422 1279 2473 βασιλείας
1308 2420 1432 2460 αὑτοῦ
1449 2417 1548 2460 κοινοὶ
1562 2422 1692 2460 Βουλ-

257 2472 392 2529 γάρων
409 2473 581 2524 ἐξελθων
597 2490 692 2527 μετα
711 2473 872 2516 πάντων
890 2480 969 2517 τῶν
984 2476 1204 2527 Ῥῳμαϊκων
1224 2471 1519 2546 στρατευμάτων
1535 2474 1601 2515 καὶ
1619 2477 1693 2526 τῆς

257 2531 347 2584 περὶ
373 2530 499 2571 αυτοῦ
522 2528 615 2582 ολης
642 2531 811 2585 ἑταιρίας
835 2548 916 2583 αμα
938 2535 994 2585 τῷ
1014 2533 1094 2586 υἱῷ
1111 2533 1354 2601 Σταυρακίῳ
1368 2547 1436 2571 και
1455 2527 1618 2582 Μιχαήλ
1633 2531 1692 2584 τῷ

257 2586 323 2627 ἐπὶ
341 2586 511 2640 θυγατρὶ
526 2588 719 2656 γαμβρῷ,
739 2587 806 2627 καὶ
827 2573 1035 2639 συμβαλών
1055 2586 1227 2637 τούτοις,
1256 2585 1355 2628 κατιὶ
1375 2583 1519 2640 κράτος
1534 2600 1692 2637 τροπω-

259 2639 450 2693 σάμενος,
469 2643 596 2695 νίκην
617 2639 719 2683 καθ’
742 2639 877 2682 αύτων
901 2640 1241 2695 περιφανεστάτην
1258 2641 1392 2696 ἤρατο.
1433 2637 1519 2681 Ἐπὶ
1524 2644 1587 2696 τῇ
1606 2655 1691 2681 τοι-

260 2694 360 2766 αύτῃ
378 2699 471 2765 νίκῃ
488 2696 561 2749 τὴν
577 2698 706 2751 φρένα
723 2696 884 2767 κούφην
902 2697 1000 2750 ἔχων
1018 2698 1082 2738 καὶ
1093 2698 1300 2766 ἐπαρθεὶς,
1328 2694 1499 2748 ἐκάθητο
1515 2699 1690 2749 τρυφῶν.

265 2750 322 2793 Τὰ
353 2751 397 2794 δὲ
417 2751 511 2806 μετὰ
535 2758 658 2795 ταῦτα
685 2750 735 2796 ού
764 2757 878 2808 σιγῆς
900 2752 1047 2807 μόνον,
1077 2750 1176 2795 dizo}
1206 2751 1372 2808 θρήνων
1395 2750 1486 2802 αξια
1505 2752 1690 2807 ἔδραῖντο.
