1760 3034
0 697 2 736 l

394 164 454 208 IN
481 161 803 207 THEODOSII
826 162 1139 208 ACROASES.
1398 155 1500 206 559

153 271 225 312 23.
253 270 498 321 Δελεμιτῶν,
530 266 759 321 βελεβιτῶν]
786 268 1066 307 Delemitarum
1102 267 1262 308 nomine
1284 269 1499 308 Saracenos

38 326 185 378 procul
203 325 324 364 dubio
343 324 475 363 innuit
491 325 736 364 Theodosius
747 339 759 374 ;
788 331 827 363 et
841 325 944 363 forte
960 324 1038 363 boc
1059 338 1203 363 nomen
1222 325 1338 363 duxit
1356 340 1378 364 a
1396 325 1501 365 Dha.

36 382 142 431 lem,
173 381 243 433 qui
270 381 421 433 primus
446 381 673 432 religiosum
697 381 893 432 quendam
925 382 1077 420 cultum
1106 382 1213 419 inter
1233 382 1380 420 Arabas
1402 396 1501 420 con-

35 438 182 483 stituit.
237 438 361 475 Ludit
389 443 519 475 autem
549 438 591 475 in
619 437 770 486 verbis,
809 437 1010 488 inquiens,
1041 437 1207 476 Romani
1236 437 1335 490 Imp.
1362 439 1500 486 telum,

41 493 150 545 quod
172 494 321 532 Graece
352 493 466 546 βέλος
498 493 668 544 dicitur,
698 500 958 532 commutasse
975 494 1254 533 Delemitarum
1282 508 1427 534 nomen
1453 495 1499 533 in

39 549 250 589 Belebitas.

150 632 220 672 27.
253 627 434 679 Χαυδᾶς]
464 628 530 666 Sic
549 628 704 666 Codex:
733 627 799 665 alii
824 634 954 666 autem
981 627 1194 680 scriptores
1212 624 1376 680 Χᾶβὸας
1394 628 1498 668 scri-

39 683 151 725 bunt.
191 685 316 728 Porro
339 684 530 732 Chabdas,
552 698 632 732 seu,
661 690 707 721 ut
730 685 991 722 continuator
1006 684 1256 736 'lheophanis
1274 699 1320 722 ac
1340 685 1499 724 Simeon

0 740 1 758 ³
33 740 224 791 Magister
260 741 464 790 scribunt,
499 740 718 778 Chambdas
754 740 832 778 fuit
858 739 1017 791 Chalepi
1049 739 1232 778 dominus
1260 746 1300 779 et
1320 740 1497 790 Amet-as,

36 810 155 848 quem
169 799 204 834 'a
226 797 352 835 Leone
375 796 504 834 Phoca
522 797 694 848 primum
713 796 907 834 domitum
933 802 1069 847 postea
1095 796 1363 848 Nicephorus,
1393 796 1498 834 Cha-

37 853 125 905 Iepe
143 866 292 904 eversa,
313 854 471 906 penitus
494 853 661 904 subegit.
701 852 871 900 videsis,
890 866 988 904 quae
1006 853 1132 891 fusius
1149 852 1194 890 in
1210 853 1361 891 Monito
1381 866 1500 906 prae·-

36 909 112 955 fati
138 923 288 948 sumus.

151 989 219 1030 30.
250 986 476 1041 Πάρέσχου]
509 987 574 1025 Sic
594 986 694 1025 bene
716 986 871 1025 Codex:
901 986 1108 1025 Cornelius
1127 987 1260 1026 nescio
1280 1001 1357 1039 qua
1380 1001 1498 1027 causa

32 1043 330 1085 ‘emendandum
359 1043 566 1082 adnotavit
584 1042 769 1096 παρέχες,
800 1043 907 1095 quod
932 1044 1117 1092 verbum,
1146 1043 1223 1081 nisi
1244 1057 1355 1082 error
1370 1051 1495 1096 typo-

39 1099 191 1155 grapho
212 1099 263 1138 sit
280 1099 527 1150 tribuendus,
548 1113 622 1138 nec
641 1100 739 1138 bene
751 1099 909 1151 quidem
934 1113 975 1137 se
994 1098 1114 1137 habet
1130 1100 1346 1139 secundum
1358 1101 1495 1139 Gram-

45 1157 207 1196 matices
228 1157 396 1207 regulas.

149 1237 217 1278 31.
249 1234 492 1286 Πολυξένης]
522 1234 692 1272 Fallitur
717 1233 972 1275 Theodosius.
1030 1235 1166 1286 Neque
1190 1234 1415 1286 Polyxenae
1444 1234 1495 1273 ad

37 1290 207 1330 Achillis
242 1291 441 1330 tumulum
469 1291 729 1340 occisionem,
757 1304 885 1342 neque
911 1289 1052 1329 Troiae
1074 1291 1277 1329 excidium
1300 1290 1496 1330 Homerus

41 1347 262 1399 descripsit.

153 1417 220 1459 35.
250 1410 551 1466 Μυθοπλόκου]
583 1413 649 1452 Sic
683 1427 733 1452 ex
764 1413 908 1452 Codice
938 1413 1116 1452 restitue.
1173 1413 1379 1452 Cornelius
1395 1413 1498 1452 male

38 1471 165 1510 edidit
185 1467 422 1524 μυθοπλόη,
451 1477 490 1509 et
509 1470 680 1508 coniecit
704 1483 787 1508 esse
807 1470 1084 1521 corrigendum
1105 1467 1385 1522 μυθοπλᾶνον,

151 1553 217 1593 36.
248 1545 494 1600 Πανσόφως]
523 1549 582 1586 Ita
600 1549 739 1587 melius
758 1549 809 1586 ad
828 1549 943 1587 fidem
968 1548 1124 1587 Codicis
1140 1549 1244 1600 lege:
1274 1544 1496 1600 πανσῶφος

38 1605 142 1644 enim
155 1635 166 1655 ,
197 1612 244 1644 ut
262 1605 469 1644 Cornelius
481 1605 637 1654 -edidit,
665 1619 748 1643 non
773 1605 873 1643 bene
890 1619 931 1644 se
947 1605 1080 1644 habet.

150 1687 218 1727 37.
245 1683 289 1724 ‘O
311 1680 471 1735 πηρός]
510 1684 676 1721 Caecum
712 1683 928 1722 Homerum
954 1684 1146 1736 appellat,
1184 1683 1380 1736 plurimos
1410 1690 1498 1722 tum

44 1741 216 1779 Graecos
243 1746 329 1778 tum
360 1740 520 1776 Latinos
547 1740 759 1791 scriptores
787 1740 983 1788 imitatus,
1022 1754 1189 1791 quorum
1228 1740 1415 1778 nonnulli
1445 1753 1496 1778 ex

39 1797 117 1836 hoc
148 1797 285 1843 morbo
305 1797 528 1833 Ilomerum
552 1796 671 1833 fuisse
698 1796 846 1833 dictum
870 1802 1032 1846 putant,
1062 1810 1182 1847 quum
1204 1803 1317 1834 antea
1336 1796 1495 1835 Melesi-

38 1866 153 1904 genes
178 1857 410 1890 vocaretur:
441 1849 636 1903 Ὁμήρους
660 1852 764 1890 enim
799 1852 911 1889 Iones
941 1859 978 1890 et
1000 1852 1159 1890 Cumaei
1187 1867 1322 1890 caecos
1352 1852 1494 1904 appel-

35 1909 134 1949 lant.
193 1908 342 1947 Verum
362 1908 409 1945 de
428 1907 587 1945 Homeri
610 1909 792 1945 caecitate
812 1908 994 1956 consule,
1024 1923 1122 1959 quae
1155 1908 1280 1947 fusius
1309 1922 1355 1947 ac
1386 1909 1492 1947 mul-

38 1965 170 2004 tifaria
183 1965 403 2003 eruditione
419 1964 602 2002 disseruit
621 1965 698 2002 Leo
720 1964 883 2002 Allatius
901 1964 947 2002 de
965 1965 1094 2003 Patria
1113 1965 1274 2004 Homeri
1293 1978 1381 2018 cap.
1403 1978 1495 2006 vm.
1498 1995 1503 1999 .

151 2044 218 2086 40.
254 2045 336 2083 Τοῦ
364 2038 479 2095 Διός]
510 2042 616 2080 Inter
641 2042 775 2094 plures
804 2042 996 2094 populos,
1024 2043 1095 2095 qui
1126 2043 1200 2082 sibi
1222 2043 1329 2082 Jovis
1347 2043 1493 2082 natalia

38 2098 277 2148 tribuerunt,
309 2099 510 2136 Cretenses
531 2099 777 2149 potissimum
796 2099 843 2136 de
871 2098 920 2136 iis
945 2099 1146 2151 superbire
1168 2100 1321 2151 solitos,
1346 2113 1411 2139 res
1433 2105 1494 2139 est

41 2155 138 2193 adeo
156 2155 408 2207 pervulgata,
438 2161 485 2192 ut
504 2154 604 2192 nihil
624 2154 691 2192 hic
707 2155 850 2193 addere
870 2168 970 2206 opus
989 2155 1054 2194 sit.

153 2235 220 2275 41.
249 2230 348 2280 Διος
363 2229 576 2285 τυράννου]
597 2232 838 2272 Theodosius
859 2241 1045 2284 sequutus
1063 2234 1296 2274 sententiam
1315 2233 1489 2282 videtur,

43 2289 178 2327 Jovem
198 2290 362 2326 eundem
382 2290 499 2327 fuisse
521 2303 567 2326 ac
585 2289 736 2338 Picum,
768 2290 837 2341 qui
856 2290 900 2327 in
911 2290 1091 2342 Assyrios
1107 2291 1359 2343 tyrannicum
1380 2302 1492 2327 exer-

44 2359 136 2383 cens
157 2345 380 2396 imperium,
414 2336 647 2396 flagitiisque
669 2345 906 2396 turpissimis
918 2360 1081 2398 regnum
1104 2361 1220 2386 sunm
1240 2347 1491 2393 dedecorans,

39 2401 190 2453 populo
212 2401 412 2452 persuasit,
432 2407 476 2438 ut
499 2414 588 2439 eum
610 2402 736 2440 veluti
753 2402 872 2440 Deum
891 2404 1156 2454 praedicaret.
1177 2417 1224 2441 ac
1242 2416 1362 2454 quum
1388 2400 1491 2437 diem

41 2470 156 2495 suum
175 2457 355 2504 obiisset,
387 2457 521 2494 Cietae
536 2458 733 2509 sepultus,
763 2457 918 2497 divinos
939 2459 1122 2512 deinceps
1140 2459 1306 2498 honores
1325 2455 1394 2494 sub
1417 2455 1489 2492 Jo-

39 2512 102 2551 vis
122 2512 384 2565 appellatione
407 2519 546 2551 nactus
569 2520 638 2552 est.
693 2513 861 2565 Videsis‚
889 2529 990 2566 quae
1014 2517 1099 2555 fuse
1114 2520 1269 2554 enarrat
1288 2512 1487 2551 Cedrenuz

40 2567 85 2608 in
114 2568 616 2621 comp.Histor.16.17.

152 2647 219 2689 43.
250 2642 421 2699 Στήγας]
450 2645 555 2684 Huic
571 2647 664 2685 voci
684 2649 820 2687 nullus
842 2662 976 2687 sensus
1000 2649 1126 2700 aptari
1146 2652 1289 2699 potest.
1345 2645 1491 2684 come-

39 2701 116 2740 lius
135 2703 314 2741 emendat
332 2701 465 2756 στέγα,
495 2716 570 2752 qua
588 2708 718 2742 tamen
736 2705 890 2743 ratione
918 2712 957 2742 et
988 2718 1066 2754 quo
1096 2716 1238 2751 sensu,
1265 2714 1347 2740 non
1365 2701 1491 2740 intel-

40 2757 130 2807 ligo.
202 2758 396 2810 Equidem
431 2758 667 2810 corrigerem
694 2759 850 2810 στέξας,
890 2761 986 2798 adeo
1019 2765 1062 2798 ut
1089 2754 1144 2810 ἦν
1169 2757 1305 2807 στέξας
1339 2757 1492 2796 indicet
