1760 3034
441 128 720 177 NOMINUM
747 126 825 169 ET
853 126 1182 172 VERBORUM.

116 229 154 262 nt
169 227 309 271 primum
325 228 370 262 ad
384 228 415 262 D
479 229 599 263 stolum
619 230 653 263 in
670 228 767 274 equis

118 273 274 307 sedentes
291 281 509 318 apparuerint
523 274 599 314 143,
613 276 667 310 15.
683 274 766 308 victi

74 319 76 321 ’
116 329 281 363 nunquam
304 319 454 352 hostibus
475 332 511 353 se
530 320 656 354 dedunt
686 321 765 360 151,

75 402 79 405 ,
116 365 173 398 22.
198 363 336 408 capillos
355 365 449 398 rufos
475 365 621 406 habent,
653 365 766 398 oculos

116 408 256 452 glaucos
281 411 358 450 150,
385 413 436 445 10.
463 411 636 454 gentilium
661 410 766 443 sacris

115 453 245 487 addicti
266 455 488 498 perhibentur
503 467 523 489 a
541 456 655 489 Leone
680 456 764 488 Dia-

115 510 201 533 cono
231 500 316 540 149,
345 503 396 536 19.
423 501 591 534 sacrificia
622 501 766 534 humana

114 544 244 578 faciunt
280 546 362 580 ibid.
388 547 445 581 21.
475 547 656 580 Russorum
691 546 764 580 laus

114 589 238 623 bellica
267 590 344 631 140,
371 593 423 626 16.
448 602 559 625 eorum
582 590 694 635 opinio
711 591 765 634 ,de

71 674 75 676 μ
113 634 158 668 iis
186 635 244 680 qui
270 635 306 668 in
331 636 418 670 bello
437 636 479 669 ab
499 636 650 670 hostibus
674 637 764 670 occi-

114 679 236 714 dantur
261 681 346 722 152,
374 684 404 716 1.
432 682 615 715 Russorum
637 681 696 724 (si
721 682 764 715 de

71 764 74 766 ,
112 724 181 758 illis
213 725 326 770 agitur
361 726 396 760 in
430 726 574 771 epistola
610 727 764 770 anonymi

113 775 203 804 saec.
219 782 254 803 x.
274 776 332 804 aut
349 772 416 815 xi.)
441 772 592 816 aequitas
613 778 646 804 et
667 771 764 804 iusti-

112 815 162 849 tia
181 816 216 849 in
233 817 387 850 subditos
401 819 479 857 501,
496 818 530 852 3.
550 817 652 850 Russi
673 828 763 850 mer-

113 864 252 894 caturae
265 873 365 896 causa
375 862 483 907 Cplim
493 868 675 911 commeant
686 864 764 904 156,

112 905 147 940 4.
176 907 261 940 Vide
277 919 404 951 quoqne
422 908 583 951 Scythae.

63 946 302 994 Ῥυπάσματα
311 953 396 996 -quid
409 953 569 986 denotent
578 952 667 997 apud
676 951 761 986 scri—

112 1000 229 1040 ptores
251 997 464 1031 Christianos
486 999 571 1038 512,
594 999 650 1033 33.

60 1036 168 1120 'Pais-¹
183 1041 386 1120 Si‘jslffl’ffld
402 1043 511 1096 medi-o
528 1054 624 1122 utimr.
634 1043 762 1123 {gssp's

86 1113 93 1118 .
111 1099 154 1120 vu
284 1099 384 1122 meua
411 1099 541 1121 nomina
565 1099 607 1121 an
692 1113 702 1127 ,
749 1113 758 1121 .

109 1099 251 1166 iidffi
267 1117 490 1174 scriptoribus
502 1133 760 1177 Tauroscythae

109 1177 195 1211 dicti
213 1179 295 1212 ibid.
324 1179 409 1212 Vide
430 1190 557 1223 quoque
579 1178 692 1212 Russi.

64 1267 271 1309 Sachacius,
294 1267 390 1302 homo
412 1279 573 1313 nequam,
593 1267 630 1301 S.
651 1267 760 1302 Nice-

109 1315 216 1358 phoro
252 1314 364 1348 Mileti
402 1315 564 1358 episcopo
594 1324 758 1347 venenum

109 1359 252 1404 praebet
272 1359 352 1399 456,
377 1360 430 1394 13.

64 1405 173 1438 Sacra
207 1404 398 1449 Scriptura.
458 1404 542 1437 ride
580 1403 759 1447 Scriptura

64 1450 243 1528 Sa{?iiir‹?ia
250 1494 394 1527 humana
402 1492 494 1538 apud
503 1493 668 1536 Bulgaros
678 1491 757 1534 484,

108 1541 165 1574 29.
190 1544 225 1572 et
246 1539 337 1583 apud
354 1539 480 1573 Russos
502 1538 578 1578 149,
599 1540 655 1574 20.

63 1585 237 1629 ‘Silvester
262 1585 305 1618 de
326 1585 417 1628 Sacy
444 1588 511 1618 etc.
542 1584 614 1617 eius
639 1583 759 1616 merita

107 1630 143 1663 in
164 1629 245 1662 edit.
269 1630 394 1662 Leonis
418 1629 561 1662 Diaconi
584 1629 678 1669 XVI,
706 1630 758 1662 17.

65 1674 287 1719 Sagmosellia
309 1676 387 1714 226,
414 1676 466 1709 16.

65 1722 154 1754 Saea
170 1721 247 1759 253,
268 1721 318 1754 13.
340 1719 543 1763 praesidium
571 1719 759 1752 Saraceno-

109 1776 180 1798 rum
197 1766 277 1806 257,
297 1767 349 1800 12.
369 1765 449 1808 quid
469 1764 604 1808 proprie
622 1764 759 1797 denotet

108 1811 188 1851 515,
203 1812 258 1845 21.
275 1810 307 1844 ei
324 1811 506 1854 opponitur
516 1810 664 1855 βέρεδον
675 1811 759 1843 ibid.

64 1856 262 1934 &iginum
282 1899 374 1933 vitae
400 1899 540 1944 egregie
557 1899 695 1932 idoneae
714 1899 757 1932 ad

109 1945 340 1979 illustrandam
358 1945 530 1978 historiam
541 1945 757 1989 Byzantinam

107 1992 188 2031 507,
208 1991 262 2026 13.
275 1991 469 2034 praesertim
482 1990 653 2022 historiam
669 2002 757 2023 saec.

63 2075 66 2077 ,
109 2047 143 2070 x.
168 2041 204 2070 et
225 2036 383 2080 deinceps
402 2035 607 2079 sequentium
627 2035 757 2077 XXXI,

65 2083 363 2171 ‚Saigermanensis
383 2125 500 2159 Codex
518 2125 651 2159 Ioannis
671 2126 758 2170 Scy·

65 2211 71 2214 .
109 2172 230 2214 limae,
265 2173 411 2217 optimae
448 2177 548 2205 notae
580 2171 668 2214 415,
699 2173 757 2205 21.

64 2218 267 2306 Saffiiingin
280 2262 388 2296 fundit
398 2262 519 2306 Beryti
536 2261 666 2307 pictura
681 2272 758 2295 cru-

112 2307 280 2340 cifixionis
304 2308 436 2340 Domini
461 2310 538 2348 167,
559 2309 615 2343 23.

70 2351 274 2398 Σαράβαρα
289 2353 378 2398 apud
389 2352 572 2386 Palladium
586 2352 667 2397 quid
678 2349 758 2394 404,

66 2398 310 2478 Saizieenorum
327 2441 555 2477 Ciliciensium
572 2454 692 2487 magna
707 2441 760 2474 in-

110 2488 758 2568 {23³⁰12⁰5553‘30Y3233332‘2ffl‘3

65 2580 68 2582 ’
111 2558 268 2623 geniibus
293 2577 400 2622 copiis
425 2579 536 2612 Asiam
557 2578 759 2623 populantur

68 2665 69 2669 Ἰ
111 2626 169 2665 20,
196 2626 247 2660 16.
272 2624 329 2662 22,
353 2623 384 2655 8.
411 2622 504 2665 [376,
526 2625 582 2660 30.
606 2625 685 2664 377,
707 2621 756 2666 4.]

67 2706 74 2710 ,
114 2679 136 2703 a
162 2669 276 2702 Leone
302 2669 416 2701 Phora
437 2667 592 2702 delentur
613 2670 678 2708 22,
700 2670 758 2702 21.

113 2714 208 2758 1376,
225 2713 280 2750 34.
298 2714 380 2755 377,
394 2714 442 2757 9.]
463 2725 485 2748 a
501 2714 615 2748 Leone
634 2713 759 2753 Phoca,

1427 125 1527 170 615

868 230 947 273 post
960 228 1135 263 victoriam
1144 229 1186 263 de
1196 229 1424 272 Cbambdano,
1438 230 1522 277 Cpli

823 276 829 280 ’
868 284 932 318 per
964 273 1166 318 triumphum
1203 275 1370 312 ducuntur
1390 276 1456 318 24,
1487 279 1517 312 1.

866 322 985 352 contra
996 319 1184 353 Saracenos
1207 321 1396 355 Tarsenses
1411 322 1518 356 Nice-

854 363 964 408 ·phori
978 365 1111 410 Phocae
1121 365 1292 410 expeditio
1301 368 1359 408 51,
1371 369 1404 402 6.
1420 368 1516 409 [378,

868 407 922 444 14.
945 410 1033 450 558,
1055 411 1114 444 21.
1141 411 1185 444 de
1201 410 1378 446 Saracenis
1397 412 1514 446 trium-

865 454 949 498 phat
959 454 1170 499 Nicephorus
1186 455 1331 497 XXXV,
1351 458 1414 491 ult.
1434 458 1515 499 528,

866 499 912 543 6.]
933 500 1095 534 Saraceni
1103 501 1290 535 Tarsenses
1301 513 1367 547 qua
1384 502 1516 538 ratione

856 545 988 578 -benum
1015 557 1136 589 gerere
1168 546 1296 581 soleant
1330 547 1418 588 227,
1457 551 1512 583 10.

819 593 823 595 ’
863 590 1024 623 veredum
1042 590 1078 624 in
1103 603 1212 625 eorum
1227 591 1414 635 agminibus
1433 593 1515 638 quid

865 635 911 668 sit
927 637 1005 676 212,
1021 637 1055 670 3.
1065 636 1224 670 Saraceni
1234 636 1421 671 Tarsenses
1431 639 1516 681 nrbe

865 687 988 714 exeunt
996 707 1005 722 ‚
1029 682 1254 716 necessarium
1275 681 1432 717 vestitum
1443 684 1446 686 ⁷
1457 695 1515 717 so-

863 725 931 759 lum
959 737 1070 759 secum
1091 727 1272 761 efferentes
1295 729 1351 768 60,
1366 729 1423 762 20.
1446 729 1515 762 Sa-

864 771 977 804 raceni
990 771 1216 815 mopsuesteni
1227 772 1448 817 λευχὲίμονες
1454 774 1513 814 53,

863 815 897 850 4.
923 817 1084 850 Saraceni
1108 817 1215 850 Siculi
1241 818 1359 852 faustis
1387 818 1514 862 princi-

863 861 928 905 piis
950 862 1116 895 Manuelis
1133 862 1267 906 patricii
1286 863 1512 907 pertimefacti

817 909 820 911 ’
862 908 926 946 66,
953 904 1005 940 14.
1032 918 1106 940 mox
1120 907 1209 940 illum
1227 907 1361 942 xincunt
1387 914 1422 942 et
1447 920 1512 953 op-

861 952 1010 996 primunt
1029 953 1086 994 67,
1115 955 1163 987 11.
1182 953 1218 986 in
1237 954 1424 987 Saracenos
1442 953 1513 998 Sy-

859 996 941 1030 riam
951 997 1142 1031 habitantes
1148 998 1258 1032 denuo
1264 998 1407 1033 adornat
1414 1009 1514 1032 exer-

861 1041 962 1075 citum
991 1042 1205 1087 Nicephorus
1232 1043 1362 1078 Phocas
1386 1046 1449 1083 68,
1478 1047 1510 1079 1.

861 1087 1023 1120 Saraceni
1041 1088 1075 1121 in
1091 1088 1192 1127 muris
1210 1088 1411 1123 Antiochiae
1429 1088 1511 1122 dor·
1545 1092 1551 1096 '

861 1132 1000 1165 mientes
1026 1133 1180 1177 oppressi
1203 1135 1268 1175 82,
1290 1136 1322 1170 6.
1343 1134 1510 1168 Saraceni

861 1177 1138 1220 christophorum
1153 1178 1349 1212 Antiochiae
1362 1179 1510 1224 patriar-

861 1222 1178 1256 chaminterficiunt
1198 1227 1272 1264 loo,
1299 1225 1350 1259 15.
1378 1224 1420 1257 ad
1438 1226 1509 1257 An-

858 1267 1015 1300 tiochiam
1034 1269 1293 1312 recuperandam
1316 1269 1508 1313 expeditio-

859 1323 933 1346 nem
950 1312 1153 1346 meditantur
1170 1315 1247 1354 103,
1261 1315 1295 1348 3.
1314 1319 1431 1347 contra
1449 1325 1507 1348 eos

858 1357 993 1390 loannis
1015 1357 1206 1395 Tzimiscae
1229 1359 1318 1403 Imp..
1334 1358 1506 1403 expeditio

859 1404 938 1442 160,
963 1405 994 1437 1.
1019 1402 1072 1435 cui
1089 1403 1175 1436 dona
1195 1404 1336 1436 maxima
1351 1403 1508 1437 deferunt

861 1449 938 1487 163,
963 1450 993 1482 1.
1019 1458 1133 1481 eorum
1153 1449 1303 1492 potentia
1320 1449 1380 1482 sub
1404 1449 1506 1483 Basi-

858 1492 903 1526 lio
922 1492 966 1525 ΙΙ.
982 1492 1064 1537 Imp.
1085 1494 1194 1527 fracta
1214 1495 1292 1534 183,
1310 1495 1343 1528 3.
1359 1493 1506 1527 Sarace-

814 1577 818 1579 ,
858 1548 973 1571 norum
999 1549 1087 1574 saec.
1117 1550 1151 1572 x.
1178 1539 1294 1572 modus
1325 1538 1506 1573 invadendi

857 1583 942 1617 fines
954 1582 1119 1617 Romanos
1134 1585 1213 1624 205,
1231 1586 1262 1618 6.
1279 1584 1504 1619 eorumduces

858 1628 992 1662 Amirae
1014 1629 1094 1669 217,
1120 1630 1155 1663 3.
1179 1629 1271 1672 1546,
1297 1629 1364 1672 19.]
1390 1639 1504 1663 eorum

858 1674 1077 1718 praedatores
1094 1674 1215 1717 singuli
1228 1685 1331 1719 equos
1341 1673 1436 1707 binos
1448 1685 1506 1706 se-

858 1729 932 1751 cum
955 1718 1076 1751 ducere
1099 1719 1252 1753 solebant
1277 1720 1365 1759 220,
1390 1721 1443 1754 13.
1467 1718 1504 1752 in

859 1763 987 1796 illorum
997 1763 1184 1798 incursione
1194 1764 1304 1798 subita
1311 1763 1390 1808 quid
1400 1774 1505 1808 agen-

858 1809 935 1841 dum
951 1809 1029 1848 215,
1058 1811 1087 1842 1.
1115 1809 1276 1843 Saraceni
1296 1820 1357 1854 per
1384 1808 1505 1843 clivum

858 1853 1101 1887 descendentes
1117 1854 1332 1898 oppugnandi
1348 1855 1428 1894 257,
1445 1855 1503 1894 21.

858 1909 971 1932 eorum
1003 1910 1126 1932 sununa
1155 1899 1332 1943 vigilantia
1357 1900 1444 1939 230,
1468 1901 1503 1934 6.

857 1955 922 1987 qua
934 1944 1014 1977 hora
1025 1944 1094 1977 diei
1112 1943 1333 1989 aggrediendi
1348 1945 1426 1984 237,
1442 1945 1501 1979 20.

858 1999 972 2022 eorum
986 1994 1098 2022 castra
1110 2001 1175 2034 quo
1192 1995 1289 2035 pacto
1305 2001 1504 2034 oppugnan-

858 2034 901 2066 da
916 2035 994 2074 211,
1011 2036 1044 2069 3.
1061 2034 1103 2067 ad
1116 2047 1156 2068 ea
1173 2035 1333 2079 quomodo
1343 2035 1502 2070 ,sitnoctu

857 2078 1079 2113 accedendum
1098 2082 1176 2121 219,
1199 2083 1231 2116 9.
1255 2082 1501 2114 Saracenorum

858 2123 975 2157 cameli
1006 2136 1074 2168 qua
1094 2125 1222 2159 ratione
1245 2125 1400 2169 intercipi
1422 2136 1502 2168 pos·

857 2170 926 2202 sint
945 2171 1023 2209 210,
1043 2173 1072 2205 1.
1093 2171 1335 2204 Saracenorum
1353 2170 1448 2213 regia
1466 2173 1502 2202 et

857 2215 1028 2255 thesauri,
1045 2214 1226 2249 Ecbatanis
1243 2215 1406 2248 collocata
1425 2215 1501 2253 162,

859 2260 912 2294 13.
931 2270 971 2292 eo
991 2260 1107 2304 fugere
1120 2261 1252 2305 cogitur
1269 2260 1396 2292 Bardas
1406 2258 1503 2291 Scle-

856 2316 916 2338 rus
946 2306 1022 2346 170,
1051 2307 1107 2340 23.
1133 2305 1292 2339 Saraceni
1312 2303 1395 2337 dicti
1416 2315 1502 2337 nat-

857 2351 982 2394 δίσκης
1005 2350 1143 2393 ἔκγονοι
1170 2351 1222 2391 12,
1242 2351 1275 2384 5.
1296 2348 1500 2382 inficiatores

858 2395 986 2429 Christi
1012 2395 1076 2430 Dei
1101 2396 1207 2430 nostri
1228 2393 1308 2432 224,
1335 2396 1387 2429 19.

812 2439 954 2474 Sardica
979 2452 1000 2474 a
1027 2442 1137 2475 Leone
1165 2441 1314 2474 Diacono
1348 2437 1503 2474 'l'ralitza

813 2487 817 2490 ’
858 2491 979 2519 vocata
999 2488 1073 2527 171,
1093 2489 1146 2521 10.
1169 2497 1191 2519 a
1208 2483 1333 2518 Basilio
1352 2482 1398 2517 11.
1417 2483 1500 2527 Imp.

859 2531 985 2564 frustra
1008 2535 1201 2575 oppugnata
1223 2530 1304 2564 ibid.
1331 2529 1382 2563 12.

814 2576 980 2610 Saturnus
1000 2575 1089 2609 haud
1104 2575 1202 2617 longe
1223 2574 1266 2608 ab
1290 2571 1430 2618 aquario
1447 2570 1501 2606 ‹li-

859 2627 973 2661 stans,
1003 2625 1152 2664 tempore
1177 2618 1314 2652 brumali
1335 2616 1422 2658 497.
1443 2618 1502 2652 32.

814 2667 947 2746 Σιῖἑρα
964 2668 1121 2708 zai-nitas
1137 2663 1227 2710 apud
1243 2663 1398 2704 Nonum,
1420 2661 1501 2708 quid

903 2712 937 2751 5,
967 2712 1019 2746 17.
