1768 3034
296 157 364 204 96
779 160 930 203 LEON
931 159 979 204 IS
1006 158 1244 203 DIACONI

86 278 122 310 Α.
140 277 183 310 Μ.
203 275 291 313 6478
302 265 670 327 παραιτησάμενος·
707 265 776 317 οὓς
805 266 890 322 ἅμα
915 272 1000 315 τοΐς
1020 265 1062 316 ἓξ
1081 266 1251 319 α’ίματος
1278 263 1424 307 ἐκείνου
1442 261 1655 319 ἀνήκουσιν
1679 262 1720 305 ἓν

130 324 194 356 ¹¹¹⁶·
216 323 258 358 ¹3
302 344 386 386 τοῖς
414 336 617 393 σφετέροις
644 336 782 391 ἀγροῖς
809 335 1024 390 διατρίβειν
1048 332 1295 388 παρέπεμψε.
1338 332 1487 380 πίστεις
1511 348 1553 373 τε
1572 335 1630 387 τῷ
1648 334 1721 371 τοῦ

264 402 601 459 Βαῦτοκράτορος
634 399 872 457 Νικηφόρον
914 399 1102 454 ὅμαίμονι
1128 400 1281 442 Λέοντι
1318 402 1376 456 τῷ
1406 395 1721 454 Κουροπαλάτῃ,

297 473 363 513 καὶ
382 468 604 526 Νικηφόρῳ
629 470 863 524 Πατρικίῳ,
900 471 958 524 τῷ
987 467 1062 524 υἱῷ
1084 471 1156 508 τοῦ
1184 464 1368 508 τοιούτου
1390 465 1598 517 Λέοντος,
1633 465 1724 518 περὶ

295 542 376 581 τῶν
415 541 529 593 σφῶν
564 533 762 588 σωμάτων
793 535 994 583 ἀπαθειάς
1030 534 1147 585 δοὺς,
1195 534 1236 582 ἐς
1263 531 1531 587 Μήθυμναν,
1578 530 1652 585 τὴν
1682 531 1757 572 ἒν5

295 604 451 660 Λέσβῳ
477 607 527 658 τῇ
556 600 666 658 “²⁵⁰2‘’
689 601 1007 659 κατῳκισμένην,
1053 601 1281 656 περιορίζει·
1325 597 1422 648 τούς
1450 615 1491 640 τε
1519 596 1725 653 τοπάρχας

295 676 376 713 τῶν
390 668 534 725 χώρων
556 667 743 711 ἁπάντων
768 670 1007 722 μεθίστησι,
1044 669 1111 708 καὶ
1143 668 1309 715 οἰκείους
1328 665 1419 708 ἀντ’
1445 665 1599 707 ἐκείνων
1621 664 1725 706 ἀπο-

296 739 526 790 καθίστησι.
570 734 660 777 τότε
680 736 730 790 δὴ
748 738 815 777 καὶ
833 733 1002 791 Βάρδαν
1011 766 1024 786 ,
1062 734 1133 776 τὸν
1152 738 1224 776 τοῦ
1242 730 1565 789 Κουροπαλάτου
1586 732 1725 774 Λέον-

295 821 365 852 τος
392 804 479 845 υἱὸν
488 836 502 855 ,
550 803 590 844 ἓν
617 804 837 858 πατρικίοις
863 806 1076 853 τελοῦντα,
1126 802 1192 842 καὶ
1222 800 1295 854 τὴν
1323 804 1394 842 τοῦ
1421 799 1582 847 Δουκός
1609 798 1724 847 ἀξίαν

295 869 590 924 ὑπεζωσμένον,
628 869 702 910 κάν
729 876 813 918 τοῖς
840 873 912 922 τῆς
933 869 1149 916 Χαλδαίας
1180 866 1304 923 ὁρίοις
1332 867 1612 922 διατρίβοντα,
1651 868 1724 919 τῆς
1735 869 1768 904 m

300 937 426 993 ἀρχῆς
442 933 706 991 παγανώσας,
746 938 799 985 εἷς
819 934 1032 989 Ἀμάσειαν
1062 936 1279 990 περιορίζει.
1326 933 1464 987 ἱκανὴν
1493 928 1564 974 οὖν
1592 933 1724 973 ἐντεῦ-

172 1013 211 1046 Ρ.
233 1013 277 1048 59
301 1010 374 1046 θεν
402 1002 622 1059 ἀσφάλειαν
639 1001 768 1060 ἑαυτῷ
796 1019 838 1044 τε
861 1004 926 1044 καὶ
945 1009 1029 1051 τοῖς
1055 1001 1285 1057 πράγμασιν
1305 997 1619 1056 ἕπιβραβεῦσας,
1657 999 1725 1040 καὶ

299 1071 407 1113 ἅπαν
434 1070 480 1112 τὸ
500 1069 679 1111 ὕποπτον
706 1074 777 1124 τῆς
803 1070 1002 1117 πολιτείας
1022 1067 1309 1123 ἀνακαθάρας,
1347 1069 1388 1108 ἓν
1406 1074 1490 1115 τοῖς
1509 1066 1723 1119 βασιλείοις

300 1139 479 1193 διέτριβε.
526 1137 703 1189 πέμπτον
729 1137 794 1177 καὶ
812 1135 1134 1192 τεσσαρακοστὸν
1155 1135 1243 1183 ἔτος
1265 1130 1316 1189 ἧν
1335 1134 1444 1193 αὐτῷ
1463 1138 1535 1188 τῆς
1551 1131 1720 1188 ἡλικίας,
1759 1127 1763 1129 ’

298 1204 363 1247 ὅτε
382 1209 454 1258 τῆς
470 1204 672 1256 βασιλείου
694 1203 814 1256 ε’πέβη
834 1202 971 1258 ἀρχῆς.
1733 1200 1768 1240 15

395 1269 443 1324 γ’.
483 1270 569 1323 Τὴν
599 1271 642 1311 δὲ
670 1270 779 1311 ἰδέαν
806 1268 962 1311 τοιόσδε
994 1263 1069 1322 ἦν·
1121 1267 1258 1316 λευκὸς
1285 1262 1359 1320 μὲν
1387 1266 1460 1320 τὴν
1491 1266 1609 1319 ὄψιν,
1656 1265 1725 1306 καὶ

297 1337 482 1393 εὕχρους,
529 1336 603 1390 τὴν
631 1334 759 1390 κόμην
788 1337 922 1392 φέρων
954 1333 1109 1388 ξανθὴν
1140 1336 1206 1375 καὶ
1245 1333 1390 1390 ἀραιὰν
1419 1334 1481 1374 ε’πὶ
1514 1333 1722 1386 μέτωπον·

297 1404 505 1461 ὀφθαλμοὶ
525 1401 654 1460 τούτῳ
681 1401 898 1458 ἀνδρώδεις
915 1404 979 1443 καὶ
995 1401 1201 1457 χαρωποί·
1237 1400 1299 1457 ῥὶς
1323 1398 1445 1454 λεπτή
1472 1417 1514 1442 τε
1533 1401 1600 1441 καὶ
1620 1396 1730 1452 σύμ-’

293 1483 461 1527 μετρος·
515 1469 626 1523 γένυς
662 1467 687 1523 ἦ
721 1469 879 1510 ἄνωθεν
905 1468 1060 1524 πυρσὴ,
1105 1469 1171 1508 καὶ
1210 1469 1264 1515 εἷς
1294 1468 1478 1509 πλαίσιον
1507 1465 1723 1519 καθειμένη

294 1538 406 1593 παρὰ
429 1536 474 1578 τὸ
502 1537 686 1591 μέτριον,
724 1535 749 1589 ἦ
771 1537 814 1576 δὲ
840 1533 1024 1577 κάτωθεν
1050 1533 1322 1589 μεμετρημένη
1352 1532 1407 1583 ὥς
1424 1533 1469 1575 τὸ
1495 1533 1619 1584 εῗκός,
1658 1533 1768 1573 acam

259 1617 288 1651 Β
294 1603 391 1658 μήτι
411 1605 550 1650 ἐνδεῶς
570 1602 728 1656 ἔχουσα.
774 1602 848 1656 τὴν
868 1602 911 1643 δὲ
931 1600 1084 1656 ἡλικίαν
1104 1599 1259 1656 βραχύς
1280 1617 1340 1649 τις
1359 1597 1408 1654 ἦν
1417 1633 1430 1652 ,
1469 1602 1502 1642 εἲ
1521 1602 1587 1641 καὶ
1608 1599 1731 1654 στέρ-“

293 1689 361 1713 νον
381 1670 473 1725 εὗρύ
495 1671 560 1710 καὶ
588 1667 835 1725 μετάφρενον
858 1667 931 1722 εἶχε
946 1682 956 1691 ·
999 1666 1245 1723 γιγαντώδης
1273 1669 1317 1709 δὲ
1334 1665 1463 1724 τούτῳ
1485 1668 1575 1721 ἐνῆν
1596 1666 1722 1719 ι’σχύς,

84 1754 152 1786 [τοι.
173 1751 239 1786 298
259 1762 289 1784 v,
299 1740 365 1779 καὶ
385 1744 473 1785 ταῖς
486 1738 621 1792 χερσὶν
640 1736 855 1790 εὐαγωγία,
893 1737 959 1777 καὶ
977 1733 1076 1789 ἀλκή
1095 1751 1155 1783 τις
1169 1733 1532 1791 ἀνανταγώνιστος·
1574 1731 1725 1787 ἦρωῖκὴ

297 1805 373 1861 γὰρ
402 1804 511 1860 αὐτῷ
545 1802 806 1859 ἀνεκέκρατο,
844 1801 963 1857 ἀδεής
995 1819 1037 1843 τε
1078 1803 1145 1843 καὶ
1184 1800 1509 1856 ἀκατάπληκτος,
1546 1800 1587 1841 ἓν
1619 1796 1726 1841 οὕτω

387 1887 421 1921 4.
452 1887 543 1930 περί.
574 1886 689 1920 Malim
704 1885 784 1931 περὶ
802 1888 877 1932 τῆς.
969 1887 1024 1922 19.
1054 1884 1245 1930 καθημένη
1268 1886 1342 1919 cod.

299 1955 426 1988 tatibus
445 1953 609 1986 coniuncti
626 1956 741 1994 erant,
763 1955 805 1987 ad
823 1953 963 1998 praedia
980 1964 1091 1986 eorum
1106 1952 1249 1992 rustica,
1273 1956 1312 1986 ut
1338 1952 1385 1985 ibi
1409 1952 1590 1995 degerent,
1614 1960 1727 1983 aman-

300 2000 368 2032 dat.
414 1999 564 2031 Fratrem
582 1998 777 2042 Nicephori‚
805 2000 945 2031 Leonem
962 1998 1209 2040 europalatam‚
1230 2000 1264 2029 et
1283 1997 1510 2041 Nicephorum
1529 1995 1726 2034 Patricium,

299 2043 422 2077 Leonis
442 2043 503 2082 F.,
528 2043 569 2074 de
596 2043 744 2086 corporis
762 2043 987 2076 incolumitate
1013 2042 1079 2074 fide
1102 2042 1200 2082 data,
1233 2041 1478 2084 Methymnam,
1511 2040 1600 2083 quod
1619 2044 1671 2071 est
1688 2039 1726 2071 in

299 2089 408 2122 Lesbo
429 2087 533 2119 insula
561 2088 735 2131 oppidum,
758 2088 905 2130 relegat:
930 2088 1116 2130 praefectos
1142 2085 1279 2118 omnium
1303 2085 1546 2128 provinciarum
1572 2084 1727 2123 devocat,

300 2145 376 2166 suos
394 2132 538 2164 homines
555 2132 590 2163 in
616 2144 728 2165 eorum
746 2132 854 2165 locum
879 2131 1061 2164 substituit.
1107 2131 1300 2174 Eodemque
1322 2135 1471 2174 tempore
1485 2129 1650 2168 Bardam,
1673 2127 1725 2160 al·-

299 2186 406 2211 terum
424 2176 544 2209 Leonis
562 2177 784 2220 Curopalatae
805 2177 863 2216 F„
888 2188 908 2208 e
933 2176 1145 2219 patriciorum
1171 2185 1324 2215 numero,
1355 2174 1458 2207 Ducis
1482 2173 1647 2216 dignitate
1668 2182 1726 2205 or-

299 2227 423 2261 natum,
445 2226 587 2263 tuncque
601 2222 689 2265 apud
701 2222 904 2254 Chaldaeum
920 2221 1055 2253 limitem
1069 2225 1233 2262 agentem,
1258 2219 1367 2252 demto
1385 2219 1501 2252 ordine
1516 2218 1725 2257 discinctum,
1765 2256 1768 2261 1

300 2267 462 2301 Amasiam
478 2266 514 2298 in
533 2265 662 2298 exilium
679 2266 790 2299 mittit.
836 2267 919 2298 Cum
936 2277 1017 2308 ergo
1033 2271 1101 2298 tum
1122 2264 1206 2304 sibi,
1229 2269 1296 2297 tum
1318 2265 1416 2297 rebus
1433 2264 1502 2296 suis
1513 2288 1523 2303 ‚
1546 2262 1628 2295 satis
1644 2272 1726 2305 pro-

300 2311 486 2360 spexisset,
509 2321 548 2343 ac
567 2310 722 2353 quicquid
749 2315 937 2354 suspectum
964 2310 1159 2349 videbatur,
1183 2320 1202 2342 e
1228 2308 1365 2342 civitate
1390 2309 1539 2342 amolitus
1566 2311 1665 2346 esset,
1686 2306 1724 2338 in

297 2356 422 2402 palatio
439 2355 639 2388 morabatur.
686 2357 813 2388 Annum
834 2360 902 2388 tum
920 2354 1041 2388 aetatis
1061 2355 1183 2397 agebat
1208 2353 1357 2397 quintum
1380 2365 1482 2398 supra
1504 2349 1723 2397 quadragesi-

298 2413 403 2442 mum,
425 2411 498 2433 cum
518 2410 626 2432 rerum
645 2411 798 2432 summam
816 2399 1006 2443 capessivit.

387 2448 420 2481 3.
444 2444 543 2485 Quod
567 2444 610 2476 ad
639 2445 782 2488 speciem
802 2444 872 2477 eius
899 2444 1036 2483 attinet,
1059 2443 1138 2476 talis
1165 2446 1255 2476 erat:
1279 2442 1391 2476 vultus
1422 2441 1601 2482 candidus,
1623 2437 1723 2484 probi

298 2491 437 2524 coloris:
461 2500 553 2522 coma
568 2489 712 2529 fimens,
736 2500 814 2522 rara
828 2501 891 2532 per
909 2490 1067 2522 frontem:
1092 2488 1178 2521 oculi
1198 2499 1312 2529 acres,
1337 2487 1501 2521 caerulei:
1524 2497 1623 2520 nasus
1642 2494 1724 2528 gra·-

298 2537 373 2569 cilis
392 2540 427 2569 et
445 2535 555 2568 iustae
571 2534 830 2578 magnitudinis:
854 2534 959 2566 barba
983 2534 1019 2566 in
1043 2533 1215 2576 superiore
1237 2533 1331 2566 labro
1356 2533 1434 2566 rufa.
1450 2536 1486 2564 et
1503 2531 1648 2565 adlatus
1669 2528 1724 2561 ni·-

298 2582 362 2613 mio
380 2581 455 2624 plus
476 2580 651 2622 depressa,
674 2579 709 2611 in
730 2579 889 2612 inferiore
909 2579 1016 2611 bonae
1033 2577 1325 2622 convenientisque
1340 2587 1531 2618 mensurae,
1556 2575 1636 2609 nihil
1663 2573 1724 2606 de·-

300 2630 464 2658 curtatum
488 2625 623 2658 habens.
671 2624 771 2663 Quod
797 2624 841 2656 ad
870 2628 1052 2663 staturam,
1075 2627 1211 2666 pectore
1234 2623 1312 2656 licet
1334 2627 1369 2655 et
1395 2622 1495 2654 dorso
1523 2622 1607 2654 bene
1632 2618 1722 2658 latis,

299 2670 437 2713 pusillus
457 2675 567 2703 tamen
583 2669 776 2702 videbatur:
800 2669 861 2701 sed
879 2674 952 2700 erat
968 2668 1003 2700 in
1021 2668 1151 2700 homine
1168 2668 1361 2711 giganteum
1376 2667 1498 2707 robur,
1522 2666 1556 2698 in
1571 2663 1722 2698 manibus

299 2714 433 2757 agilitas
451 2719 486 2748 et
501 2715 554 2747 vis
571 2714 750 2757 quaedam,
783 2717 899 2746 contra
915 2723 1010 2757 quam
1029 2713 1187 2746 resistere
1201 2723 1322 2745 vanum
1347 2712 1483 2744 fuisset:
1507 2712 1601 2750 haec,
1627 2711 1733 2753 tanta?

299 2763 424 2804 quant-a
436 2759 472 2793 iu
486 2759 644 2794 heroibus
661 2759 765 2799 fuisse
780 2758 920 2799 dicitur,
945 2757 1051 2792 auimo
1070 2758 1140 2791 eius
1159 2757 1320 2799 admista,
1343 2760 1431 2791 metu
1449 2766 1578 2796 carens,
1601 2752 1721 2787 adver-
