1748 3094
405 167 464 212 IN
491 165 699 212 LEONIS
722 166 962 211 DIACONI
991 165 1094 208 LIB.
1122 166 1174 210 V.
1387 155 1502 204 «447

534 290 609 335 IN
652 290 924 335 LIBRUM
967 291 1023 334 V.

202 385 370 437 ag..77
399 383 472 421 lin.
501 385 541 426 3.
568 377 636 423 Ἐν
655 377 688 438 ᾧ
710 380 754 423 δὲ
770 385 997 423 unitatur.
1014 380 1076 433 L]
1106 379 1188 420 Sub
1215 379 1322 419 idem
1348 387 1504 432 tempus
1521 384 1561 420 P.
1584 386 1653 421 219

55 385 260 479 videtui-ag
233 440 421 478 accidisse
439 423 671 490 Nicephori
670 438 956 491 peregrinatio,
984 438 1055 489 qui
1080 436 1190 504 apud
1210 437 1430 476 Cedrenum
1451 436 1504 476 Π.

53 499 148 539 660.
165 497 211 535 Β.
231 497 328 535 urbe
347 495 517 535 movisse
533 494 682 533 dicitur
699 492 770 543 τὰς
789 494 833 535 ἐν
850 496 903 551 τῇ
927 490 1066 549 Θρᾴκῃ
1084 489 1221 542 πόλεις
1246 488 1506 545 ἐπισκεπόμε-

53 566 135 600 ,ος
165 551 273 646 11:21
294 534 1163 659 ᾎαὰέηὲψὲρμὲἔοξοῦἒυιῗαῖιΐοξῖῗθῖῗῗ.
1167 549 1506 646 ἵεέῗὲδεὶιειιιε

54 677 119 716 ..Ρ
138 663 228 715 Pag,
255 664 322 703 IV.
350 667 418 708 20.
445 662 544 701 haec
559 663 766 701 mendose:
800 663 986 713 Caloqyn'
1017 660 1110 716 (sic)
1128 675 1293 700 —cum
1319 663 1364 700 in
1385 663 1507 709 Syria

0 730 1 750 ἓ
54 717 147 772 (uic)
174 734 342 758 versane
368 719 598 758 Taurorum
626 720 814 756 arnis-itia
844 721 1010 756 iunctus
1037 725 1156 768 esset,
1195 731 1246 756 ac
1273 717 1507 756 muneribus

0 780 1 784 ’
54 789 145 814 eum
170 773 356 827 (quem'l)
385 777 642 825 corrupisset.

165 831 270 872 lbid.
300 832 375 872 lin.
405 832 446 875 5.
473 827 717 884 Καλοκύρης
742 828 765 872 ὅ
793 828 1032 894 Hmplmog]
1067 826 1303 897 Καλοκυρός
1333 828 1508 880 Scylitzu

53 887 223 927 historia
239 902 310 927 ms.
334 894 374 926 et
389 887 588 926 Cedrenus
599 887 655 925 11.
677 890 772 930 666.
789 887 835 926 B.
868 886 991 938 (ubi
979 900 1022 924 m
1043 885 1199 934 verbis,
1228 882 1349 933 αὐτός
1374 887 1447 937 τῆς
1463 899 1507 925 τε

53 945 299 998 Βουλγαρίας
322 941 570 995 ἐπιστήσεται,
596 943 775 994 virgula,
811 955 913 994 quae
943 948 1034 981 ante
1074 938 1192 990 αυτὸς
1219 941 1385 992 legitur,
1412 946 1507 994 post

53 1000 246 1050 locanda,
272 999 500 1038 iubentibus
527 999 650 1038 Godd.
679 997 893 1065 omnibus.)
956 1029 967 1040 .

165 1055 270 1095 Jbid.
298 1058 371 1097 lin.
403 1056 469 1098 16.
496 1051 873 1108 συνεκφορήσαντα]
912 1053 1085 1094 Verbum
1120 1051 1374 1119 συνεκφορέω
1402 1052 1504 1091 adde

51 1111 220 1151 Lexicis.
276 1111 515 1151 Heliodorus
551 1125 710 1163 quoque
747 1115 841 1154 192.
876 1111 917 1150 C.
964 1110 1082 1149 habet
1119 1105 1503 1162 συνεκφορήσαντες.

51 1167 221 1220 Vulgata
241 1168 367 1207 forma
392 1174 451 1207 est
471 1167 720 1220 συνεκφέρω,
750 1179 829 1218 qua
850 1166 959 1219 pleni
979 1172 1071 1205 sunt
1104 1167 1331 1217 scriptores.

162 1226 270 1276 Pag-
297 1227 365 1267 78-
392 1224 467 1263 lin
493 1224 532 1266 4.
561 1223 871 1270 συνασπίσαντες
892 1221 1158 1274 ὑπηντίαζον]
1187 1220 1498 1274 Sphendosthla-
1511 1227 1543 1261 B

53 1280 147 1318 bum
169 1282 300 1332 primo
326 1281 370 1318 ιιι
394 1279 619 1330 Bulgariam
636 1278 790 1317 venisse
811 1292 845 1317 a.
862 1282 958 1321 967.
985 1277 1120 1329 ibique
1140 1275 1335 1329 Bulgaros
1354 1278 1503 1316 fudisse

52 1336 169 1374 docet
195 1336 340 1376 Nestor
358 1336 407 1375 V.
442 1338 535 1378 128.
558 1336 603 1373 Β.
630 1336 849 1374 Revocatus
871 1340 931 1372 est
954 1334 998 1372 in
1015 1333 1182 1385 patriam
1204 1347 1238 1372 a.
1254 1336 1350 1379 968,
1370 1334 1504 1372 Patzi-

50 1391 160 1430 meis
180 1391 367 1430 Kiovium
390 1391 681 1429 obsidentibus:
712 1390 855 1441 quibus
870 1390 1053 1442 repulsis,
1083 1404 1118 1429 a.
1139 1392 1234 1433 971.
1258 1389 1343 1442 (alii
1361 1389 1505 1428 volunt

50 1447 164 1501 970.)
191 1448 237 1486 ιιι
257 1447 482 1498 Bulgariam
503 1461 684 1486 reversus
706 1453 785 1496 est,
812 1447 1079 1497 Bulgarosque
1102 1446 1226 1484 altero
1250 1445 1423 1497 praelio,
1452 1446 1503 1484 de

52 1517 132 1555 quo
159 1503 280 1543 silent
308 1504 524 1556 scriptores
540 1502 774 1555 Byzantini‚
803 1502 915 1542 vicit.
969 1503 1135 1540 Nestore
1162 1501 1384 1540 Ruesieclze
1407 1501 1503 1540 An-

50 1560 173 1598 „alm
199 1559 248 1599 V.
277 1561 373 1603 146.
403 1560 451 1601 A.
487 1560 612 1611 Engel
642 1559 876 1598 Gesclziclzte
904 1557 974 1597 dee
1013 1559 1261 1611 Ungn‘sclzen
1295 1557 1443 1597 Reichs
1471 1557 1502 1597 Ι.

50 1618 146 1659 36
164 1670 270 1710 Ibid.
298 1672 373 1711 lin.
403 1675 471 1715 21.
503 1667 584 1719 Τάς
601 1686 643 1712 τε
664 1668 844 1723 μηχανὰς
862 1667 934 1718 τοὶς
951 1669 1199 1723 ἔφετηρίινυς]
1227 1671 1328 1722 Lege
1355 1665 1502 1723 ἇφετη-

53 1727 178 1781 ρίους,
196 1734 244 1765 ιιι
260 1734 320 1766 est
342 1727 407 1770 15.
425 1729 475 1766 A.
487 1729 555 1770 32.
576 1728 621 1766 B.
643 1741 737 1765 nam
750 1727 857 1765 infra
871 1739 1028 1778 quoque
1038 1728 1131 1777 Pag.
1147 1731 1216 1769 79.
1230 1727 1301 1765 lin.
1316 1731 1356 1771 9.
1373 1727 1502 1767 libra-

51 1783 139 1822 rius
160 1783 260 1822 male
287 1783 497 1835 scripserat
521 1780 733 1836 ἔπεγνωκει
760 1797 836 1835 pro
864 1780 1001 1835 ἅπεγν.
1033 1789 1073 1821 et
1094 1779 1304 1836 ἕφετήριος
1326 1797 1409 1822 vox
1439 1789 1501 1823 est

52 1838 184 1877 adhuc
205 1840 366 1878 omnino
388 1839 578 1877 inaudita.
636 1839 818 1877 Contra’
800 1836 956 1890 εφετός,
984 1846 1113 1890 expete
1093 1837 1233 1889 e‚ndus
1263 1838 1499 1878 desideran-

53 1894 154 1944 dus,
184 1895 294 1946 quod
325 1895 495 1934 eximere
524 1895 638 1932 libris
670 1895 780 1933 docti
819 1895 1052 1943 voluenmt,
1082 1894 1200 1933 habet
1225 1897 1499 1935 auctoritatem

52 1964 303 2003 permagnam
334 1965 455 1990 unam
484 1951 646 1989 Aristot.
675 1951 853 1989 Naturali
889 1952 1055 1991 auscult.
1092 1951 1121 1991 Ι.
1153 1952 1252 1994 461.
1278 1953 1320 1991 C.
1351 1950 1498 2001 Ὄντος

53 2004 129 2060 γάρ
148 2023 258 2056 τινος
278 2009 418 2055 θείου,
450 2006 519 2047 καὶ
539 2003 720 2059 ἀγαθοῦ,
752 2007 819 2047 καὶ
845 2006 1001 2058 ἐφετοῦ.
1058 2007 1174 2046 Unde
1191 2009 1423 2061 usurpavit,
1451 2015 1497 2048 ut

51 2062 132 2101 hoc
148 2069 261 2113 utar,
292 2064 360 2115 qui
383 2063 550 2101 subinde
578 2076 628 2100 ex
653 2063 862 2101 Aristotele
885 2063 1044 2100 dicendi
1067 2064 1218 2102 colores
1238 2066 1425 2114 assumit,
1454 2067 1494 2104 S.

51 2119 225 2157 Iustinus
261 2119 414 2171 Martyr
449 2119 654 2157 Eversion.
686 2119 855 2170 dogmat.
886 2119 1086 2158 Aristotel.
1121 2120 1153 2160 Ι.
1184 2123 1280 2164 121.
1312 2121 1360 2160 A.
1400 2125 1493 2164 122.

51 2175 99 2213 A.
123 2175 170 2213 Β.
198 2181 238 2213 et
258 2176 463 2243 deinceps,
492 2175 657 2226 singulis
681 2176 762 2213 fere
785 2175 959 2227 paginis,
986 2175 1216 2227 iunxitque,
1246 2183 1295 2215 ιιι
1310 2184 1532 2230 synony-c

51 2243 181 2279 mum,
209 2232 302 2269 voci
322 2227 505 2284 ὄρεκτόν·
531 2230 818 2282 scholiastaque
837 2232 934 2270 adeo
959 2231 1010 2272 ad
1030 2233 1183 2271 Scalam
1196 2233 1340 2302 parad.
1369 2234 1493 2272 loan-

50 2287 113 2324 nis
147 2259 311 2325 c'limaci
344 2301 568 2336 summum,
597 2288 707 2338 quod
741 2287 995 2339 expetendum
1028 2295 1089 2327 est
1117 2303 1140 2327 a
1164 2289 1265 2341 piis,-
1292 2305 1337 2330 το
1367 2304 1493 2341 ακρον

51 2339 193 2393 ἔφετον
213 2348 330 2380 vocat
351 2344 452 2385 450.
480 2344 527 2382 D.
555 2343 773 2382 Matthaeus
799 2344 978 2383 Raderus
998 2346 1119 2394 male,
1148 2359 1353 2383 summum
1372 2359 1493 2396 prqe.

51 2405 251 2449 ceptorum
276 2397 507 2436 divinorum
526 2402 765 2451 fastigium.
820 2401 956 2452 Neque
979 2402 1118 2440 melius
1146 2402 1310 2440 Ioannes
1337 2402 1494 2450 Langus

50 2454 146 2492 alibi
163 2453 272 2504 apud
293 2455 331 2491 S.
347 2454 539 2493 Iustinum
554 2457 767 2507 Martyrem
785 2456 935 2507 Dialog.
960 2470 1052 2495 cum
1074 2457 1275 2509 Tryphon.
1299 2457 1441 2494 Iudaeo
1461 2455 1491 2494 Ι.

50 2513 146 2552 261.
167 2510 214 2547 l).
241 2509 311 2547 ubi
338 2509 580 2550 Christianos
614 2513 953 2552 circumcisionem
982 2514 1228 2564 spiritualem
1255 2526 1329 2564 per
1358 2512 1514 2563 bapti-.

49 2578 178 2603 smum
203 2566 398 2618 accepisse
418 2567 731 2616 demonstratur,
760 2568 1150 2621 desiderandumque
1173 2583 1253 2606 ess-e
1280 2568 1331 2604 ab
1360 2569 1492 2605 omnb-

50 2620 147 2671 bm,
177 2630 224 2659 ut
245 2624 404 2672 pariter
431 2624 514 2673 ipsi
532 2626 753 2675 accipiant.-
781 2625 851 2665 καὶ
876 2629 1002 2666 πᾶσιν
1028 2622 1192 2676 ἐφετὸν,
1221 2622 1364 2675 ὁμοίως
1391 2626 1492 2676 λαμ-

48 2673 202 2740 βᾴνειν.
260 2678 395 2717 Versio
422 2691 649 2730 perperam:
677 2681 936 2733 omnibusque
951 2681 1050 2718 adeo
1073 2681 1191 2717 illam
1214 2693 1259 2715 ex
1278 2693 1406 2730 aequo
1422 2693 1490 2717 αο-

50 2733 178 2781 cipere
202 2735 403 2786 integrum
428 2742 498 2773 est.
552 2735 694 2774 Melius
716 2737 923 2776 Gretserus
952 2738 995 2774 ιιι
1012 2736 1191 2804 Epistola
1206 2733 1378 2773 Thomae
1407 2735 1486 2773 Pa-

49 2787 242 2828 marchae
258 2791 310 2829 ad
329 2789 580 2830 haereticos
565 2805 612 2830 m
626 2792 810 2832 Armenia
829 2794 925 2836 428.
951 2793 994 2831 C.
1021 2789 1064 2832 τὸ
1084 2788 1211 2840 ὅπως
1230 2788 1372 2842 ἐφετόν
1400 2790 1486 2832 ἐπι-
