1748 3094
252 161 354 210 420
707 168 755 212 C.
783 169 831 213 B.
862 168 1018 213 HASII
1043 168 1246 214 NOTAE

251 286 372 326 quam
402 272 523 312 alias
516 286 711 327 nusquam
731 271 860 325 legere
876 273 1059 326 memini,
1093 270 1335 326 Agathime
1363 279 1424 314 est
1452 273 1709 328 proprietatis

363 383 466 425 Ibid.
497 386 570 425 lin
605 390 671 429 20.
701 381 775 426 οὐκ
811 384 921 438 ἔφθη
955 384 1200 439 ἔκθερίζειν]
1231 386 1450 439 Oportebat
1479 386 1710 441 ἓκθερίζων,

188 453 192 456 ’
248 442 316 480 vel
336 441 471 505 potius
490 441 723 509 ἔκθερίσας·
754 441 824 480 sed
844 441 912 480 hic
932 441 1133 480 Leonem'
1120 455 1164 480 111
1179 443 1306 506 cuipa
1328 442 1516 483 arbitror.
1533 444 1616 483 lin.
1638 445 1708 497 23,

247 498 351 537 ubi
337 511 382 535 ln
393 497 491 537 Cod.
514 503 569 536 est
593 493 811 550 οἷνετείχιζε,
830 499 911 537 fere
934 499 1090 537 credam
1111 497 1316 567 scripsisse
1341 495 1563 552 ἅνεχαίτιζε.
1593 494 1710 538 Certe

252 549 515 606 ἆναχαιτίζειν
539 551 614 604 τὴν
637 552 768 606 ὁρμην
799 557 866 597 23.
897 555 943 594 D
966 555 1034 597 84.
1057 554 1098 592 C
1114 551 1358 607 ἀναχαιτίζοι
1376 553 1452 608 τὴν
1469 555 1619 608 ἔφοδον
1638 558 1707 599 20-

251 610 299 649 D.
345 607 415 657 τοές
434 607 606 659 ἐφόδους
623 610 868 663 Nicephorus
890 611 992 663 Imp.
1019 611 1167 650 Tactic.
1188 624 1308 663 supra
1329 614 1421 655 117.
1438 611 1486 652 Δ.
1525 613 1597 652 Est
1613 625 1709 650 ver-

251 667 347 704 bum
366 665 641 703 Demostheni.
635 680 723 711 um,
757 680 869 718 saepe
893 667 950 704 ibi
968 673 1150 706 notatum
1168 681 1191 704 a
1205 667 1355 707 criticis
1370 674 1562 708 veterum.
1617 667 1708 708 Vid.

250 722 447 760 Maussac.
471 722 522 760 ad
542 722 774 774 Harpocrat.
792 724 859 765 42.
879 723 920 763 C.

212 781 243 815 B
366 781 463 830 Pag.
488 782 554 821 27.
576 779 649 817 lin.
675 779 739 821 14.
770 778 894 830 μηδέν
914 794 951 819 τι
965 781 1047 818 τῶν
1066 775 1316 824 ἆπευκταίων
1334 780 1706 832 καθυπομείνασαν]

252 833 539 886 Καθυπομένω
559 835 732 890 adiunge
744 835 898 872 Lexicis
922 849 970 872 ex
988 834 1066 873 hoc
1086 836 1178 874 loco
1197 849 1296 887 eque
1314 837 1437 874 altero
1455 840 1522 879 20.
1538 837 1582 876 B.
1614 835 1707 874 Ad-

252 890 344 928 dam
374 889 626 928 auctoritates
657 897 979 942 quantaecunque
1000 897 1095 929 sunt
1114 891 1313 943 Anonymi
1331 892 1387 930 De
1406 892 1496 931 Vita
1509 894 1547 931 S.
1573 890 1706 943 Chry-

251 946 527 985 sostom.V111.
541 948 637 988 371
649 950 687 989 9.
701 944 888 987 ἑκούσιον
901 963 975 999 την
986 948 1080 999 βίαν
1097 947 1475 1000 καθυπομένοντας
1496 949 1587 988 ets.
1606 949 1705 987 Gre-

252 1002 376 1051 gentii
399 1001 636 1052 Teph1ens1s
667 1003 863 1054 Disputat.
897 1017 985 1041 cum
1015 1004 1161 1042 Iudaeo
1187 1007 1279 1046 177.
1299 1004 1349 1043 A.
1377 1004 1434 1052 εἷς
1451 1019 1495 1045 το
1514 1001 1706 1052 ζωοποιόν

251 1056 379 1110 ὄνομα
405 1073 477 1108 της
509 1056 623 1110 αγίας
640 1055 801 1111 τριαδος
830 1059 898 1099 καὶ
916 1061 1077 1113 χείρονα
1106 1074 1258 1100 τουτων
1280 1059 1650 1112 καθυπομένουσιν.

364 1117 462 1165 Pag
490 1117 558 1157 28.
593 1115 665 1151 lin
698 1118 737 1157 8.
765 1130 840 1167 την
867 1118 993 1167 νῆσον
1020 1112 1269 1170 ἐξημερωσας
1297 1113 1474 1168 ἅπασαν]
1502 1116 1600 1155 Inde
1618 1115 1706 1154 col-

248 1169 346 1220 ligas
372 1170 540 1207 Leonem
567 1183 609 1207 ci
613 1170 798 1219 edidisse,
829 1178 1061 1223 occupatam
1081 1178 1337 1224 pacatamque
1357 1172 1477 1211 fuisse
1494 1178 1619 1211 totam
1635 1172 1706 1210 in-

250 1226 379 1264 sulam
411 1239 433 1263 a
458 1226 709 1277 Niceplmro,
737 1201 969 1278 priusquam
993 1228 1223 1267 discederet.
1281 1229 1426 1267 Contra
1446 1230 1618 1268 Zonaras
1647 1228 1705 1266 ait

250 1281 483 1323 11.197.A.
512 1282 588 1319 nisi
609 1282 854 1335 Nicephorus
879 1284 1148 1335 intempestive
1171 1291 1379 1323 revocatus
1396 1291 1496 1323 esset
1512 1285 1562 1323 ab
1579 1285 1678 1336 Imp.
1689 1313 1703 1333 ,

251 1338 418 1375 fortasse
444 1343 543 1375 tunc
573 1338 702 1376 insula
733 1339 892 1390 penitus
918 1340 1043 1391 recipi
1071 1340 1286 1391 potuisset,
1314 1356 1413 1391 ταχα
1434 1340 1566 1381 τέλεον
1595 1355 1648 1380 αν
1673 1338 1717 1391 ἦ.

249 1396 373 1445 νῆσος
402 1391 604 1459 Ῥωμαίοις
631 1394 949 1445 ἑπανασὲσωστο,
976 1396 1065 1445 vel,
1095 1402 1142 1434 ut
1165 1395 1283 1434 habet
1309 1396 1403 1434 Cod.
1421 1396 1513 1446 Reg.
1535 1396 1655 1439 1715.
1671 1394 1704 1447 ἦ

250 1452 375 1501 νῆσος
396 1445 626 1490 δεδούλωτο.
664 1452 836 1488 Zonarae
854 1451 1011 1490 videtur
1029 1451 1234 1502 suffragari
1254 1451 1399 1502 Glycas
1413 1451 1636 1497 Α1111.304.
1656 1452 1702 1490 Β.

360 1504 466 1543 Ibid.
497 1506 570 1544 lin.
605 1510 668 1547 11.
698 1503 858 1546 ἀνέπλει
883 1522 985 1560 προς
1013 1505 1056 1547 τὸ
1081 1505 1323 1555 Βυζάντιον]
1353 1507 1496 1545 Contra
1530 1509 1702 1546 Zonaras

249 1567 387 1600 auctor
406 1567 464 1599 est
483 1561 532 1599 II.
552 1565 642 1604 197.
661 1563 704 1599 B.
725 1576 852 1613 neque
871 1563 991 1600 situm
1012 1576 1101 1600 eum
1119 1577 1202 1601 esse
1218 1569 1317 1601 tunc
1336 1563 1486 1602 reverti
1507 1563 1702 1602 Constan-

249 1617 479 1669 tinopolim,
509 1631 583 1655 nec
611 1618 690 1656 nisi
719 1625 810 1670 post
838 1619 988 1656 obitum
1014 1620 1181 1657 Romani
1201 1619 1302 1671 Imp.
1320 1619 1583 1671 triumphasse
1602 1622 1700 1662 198.

217 1674 304 1714 CA.
336 1688 358 1710 a
386 1673 677 1729 Theophanone
697 1674 872 1725 Augusta
890 1676 1133 1713 accersitum.
1191 1676 1289 1713 Cum
1309 1676 1459 1714 Zonara
1477 1676 1574 1714 facit
1596 1675 1701 1726 Cly-5

248 1744 314 1768 cas
326 1730 420 1771 304.
434 1730 478 1767 D
493 1744 581 1768 cum
601 1731 728 1768 Leone
738 1731 935 1769 Manasses
953 1730 1137 1769 Chronic.
1157 1732 1251 1774 115.
1267 1732 1306 1771 B.
1319 1732 1590 1783 Utrorumque
1603 1744 1700 1768 sen-

245 1786 409 1824 tentiam
444 1793 558 1824 acute
578 1787 790 1826 conciliare
811 1794 979 1826 conatur
997 1787 1062 1827 vir
1080 1801 1214 1826 sumus
1235 1786 1305 1827 Ph.
1327 1789 1438 1839 Krug
1461 1787 1698 1839 Chronolog.

247 1841 316 1879 der
342 1844 428 1891 By-
411 1850 513 1881 ani.
536 1843 631 1885 314.
649 1844 694 1882 Β.

358 1897 459 1937 Ibid.
489 1900 560 1936 lin.
594 1903 657 1942 13.
688 1899 891 1951 θρίαμβον
918 1898 985 1940 ἐπὶ
1005 1915 1074 1940 του
1099 1897 1274 1954 θεάτρου
1292 1896 1521 1953 κατήνεγκε]
1552 1899 1608 1938 De
1629 1911 1697 1937 ex-

245 1955 486 2003 pugnatione
528 1956 696 1993 candiae
725 1955 1015 2007 Nicephorique
1052 1956 1205 1994 Phocae
1243 1955 1448 2007 triumpho
1487 1955 1697 1993 subsecuto

243 2007 342 2045 haec
356 2009 473 2047 habet
492 2010 722 2062 Anonymus
749 2018 924 2050 extrema
948 2018 1061 2064 parte
1080 2012 1266 2061 ineditus,
1296 2025 1413 2063 quem
1432 2011 1578 2049 lulium
1601 2010 1699 2049 Pol-

180 2080 182 2082 *
244 2065 372 2102 lucem
391 2066 552 2105 dicunt.
581 2067 624 2107 Ὁ
647 2066 691 2108 δὲ
712 2064 946 2120 Μαγιστρος
966 2064 1201 2131 Νικηφόρος
1213 2067 1280 2108 ἐπὶ
1298 2066 1420 2119 μησὶν
1435 2063 1696 2108 ὀκτωκαίδεκα

245 2116 275 2172 ἢ
293 2119 362 2160 καὶ
392 2121 511 2161 πλέον
532 2123 622 2174 [hic
648 2130 705 2161 est
728 2124 899 2161 lacuna
886 2137 930 2161 1n
951 2124 1046 2161 cod.
1071 2123 1222 2161 omissis
1239 2124 1380 2161 fortass
1383 2136 1403 2160 e
1420 2135 1534 2161 voce.
1563 2137 1697 2191 παρα-

245 2177 419 2223 καθίσας
436 2177 567 2230 noted·
597 2179 686 2217 vide
702 2180 848 2219 Incert.
869 2180 1095 2219 Continuat.
1114 2182 1213 2222 300.
1235 2178 1295 2229 C.]
1315 2193 1390 2230 την
1410 2174 1596 2245 Κρήτην,
1625 2176 1696 2218 καὶ

243 2234 322 2272 τῶν
349 2236 509 2300 τροφῶν
533 2234 696 2284 [iterum
717 2236 1060 2282 1301111.;1.τοῖς]
1084 2238 1296 2287 Κρητικοῖς
1319 2230 1586 2285 ἕλλειψαντων
1619 2232 1694 2285 [sic

244 2288 371 2340 Cod.,]
390 2286 433 2328 τὸ
442 2301 612 2340 καστρον
629 2295 815 2343 πολεμενν
829 2290 995 2357 ἤρξατο·
1017 2289 1085 2330 καὶ
1099 2306 1169 2330 του
1187 2289 1361 2356 πολέμου
1373 2288 1693 2358 κορυφουμένου,

243 2343 383 2385 πολλοὶ
407 2347 485 2383 τῶν
503 2347 715 2396 Κρητικων
745 2344 953 2399 αὐτόμολοι
974 2344 1074 2400 πρὸς
1091 2344 1161 2387 τὸν
1181 2342 1415 2412 Μαγιστρον
1433 2343 1691 2396 αφικνοῦντο.

239 2395 452 2440 Ἐντεῦθεν
475 2404 556 2447 τοῖς
589 2399 808 2453 βαρβαροις
828 2401 1015 2472 θάμβους
1039 2398 1295 2450 ἐπιπεσόντος
1324 2402 1393 2442 καὶ
1419 2401 1557 2451 δέους,
1594 2398 1692 2453 μετοῖ

242 2453 368 2509 βραχυ
385 2453 428 2496 τὸ
452 2468 623 2509 καστρον
641 2457 858 2510 παρέλαβε
888 2458 956 2498 καὶ
971 2474 1025 2510 ην
1044 2459 1145 2498 ἰδεῖν
1162 2473 1256 2506 τους
1277 2461 1439 2511 Κρῆτας
1458 2452 1622 2523 συνάμα
1631 2458 1692 2510 τῷ

243 2508 438 2552 ἕαυτῶν’
412 2515 546 2583 αμηρᾷ
568 2515 791 2582 Κουρουπᾷ
808 2514 876 2554 καὶ
895 2514 1050 2567 γυναιξὶ
1070 2513 1136 2553 καὶ
1158 2513 1271 2554 παισὶ
1291 2513 1360 2554 καὶ
1377 2509 1575 2566 λαφύροις
1598 2497 1691 2552 ὄδυ-

202 2567 437 2620 Βρομένους
454 2567 523 2608 καὶ
538 2567 757 2619 στένοντας,
783 2569 851 2609 καὶ
871 2568 938 2610 δια
957 2569 1077 2621 μέσης
1099 2569 1469 2638 θριαμβευομένους
1485 2570 1557 2619 τῆς
1573 2569 1690 2607 Κων-

200 2658 202 2660 .
243 2620 622 2673 σταντινουπόλεως,
653 2624 780 2692 μέχριὐ
792 2628 868 2693 ταῦ
895 2626 1077 2665 ἵππικου.
1116 2625 1159 2665 Ο
1185 2624 1228 2666 δὲ
1254 2622 1436 2678 βασιλευς
1461 2638 1540 2664 τον
1548 2618 1690 2691 Μαγι-

242 2690 361 2731 στρον
378 2695 445 2719 και
464 2696 560 2728 τους
576 2678 650 2720 συν
669 2677 780 2735 αὐτῷ
797 2679 845 2722 w*
863 2680 1022 2733 μέγιστα
1038 2679 1447 2734 φιλοφρονησάμενος,
1475 2678 1543 2719 καὶ
1563 2673 1689 2726 αυθις

240 2733 307 2774 ἐπὶ
343 2732 459 2787 τήν
444 2732 550 2775 ἓαίαν
581 2722 808 2788 ἐξέπεμψεν.
865 2737 1009 2774 Eadem
1039 2739 1120 2776 fere
1151 2738 1259 2789 apud
1285 2738 1431 2775 Incert.
1458 2734 1686 2773 Continuat.

240 2790 400 2842 Scriptt.
427 2799 520 2843 post
540 2791 716 2844 Theoph.
738 2795 833 2835 300.
854 2792 895 2832 C.
918 2793 964 2830 D.
985 2799 1024 2831 et
1045 2794 1087 2831 in
1107 2794 1271 2833 Cedren.
1288 2793 1337 2832 II.
1358 2793 1453 2836 643
1470 2791 1517 2830 Β.
1541 2789 1686 2829 Confer
