1768 3034
298 133 393 179 108
775 139 976 185 LEONIS
1003 140 1241 184 DlACONI

83 251 119 281 A.
139 250 182 283 M.
201 248 423 289 647803m·
458 244 529 288 τὸν
558 246 601 288 δὲ
629 245 812 302 Πέτρον,
850 247 973 301 ἀλκῆς
1000 248 1067 289 καὶ
1095 247 1239 301 με’νους
1266 245 1367 304 παρ’
1376 247 1587 292 ὖπῦνοιαν
1616 249 1717 293 ὕπο-

126 296 191 328 Iud
209 296 252 331 13
296 314 549 368 πλησθέντα,
587 313 656 355 τὸν
682 315 805 355 ι’ππον
833 331 876 355 τε
903 317 1092 369 σφοδρῶς
1121 315 1318 370 κεντρίσαι
1344 322 1429 365 τοῖς
1455 315 1617 370 μύωψι,
1653 319 1720 359 καὶ

295 381 342 423 τὸ
363 379 461 436 δόρυ
481 385 680 436 κραταιῶς
706 380 1090 435 διαγκυλησάμενον,
1128 381 1374 438 ἀμφοτέραις
1394 378 1495 425 ὦσαι
1523 385 1625 426 κατὰ
1645 389 1718 426 τοῦ

295 448 460 504 στέρνου
478 448 549 489 τὸν
568 446 736 502 Σκύθην
749 462 758 470 ·
784 447 889 489 οὕτω
912 449 955 489 δὲ
974 448 1159 503 γενέσθαι
1178 449 1252 503 τὴν
1273 450 1485 506 ἀντέρεισιν
1507 452 1716 507 καρτερὰν,

297 514 352 563 ὥς
375 516 630 570 ἀντιτορῆσαι
642 547 656 566 ,
693 516 759 556 καὶ
790 516 1001 570 διαμπερὲς
1028 516 1130 558 κατὰ
1150 516 1196 558 τὸ
1215 514 1463 573 μετάφρενον
1487 520 1748 573 διαπτῆναι,5

295 583 351 636 μὴ
376 580 611 635 ἀντισχόντα
632 581 701 623 τὸν
720 582 967 624 ἁλυσιδωτὸν
993 581 1189 639 θώρακα,
1228 584 1323 624 ἀλλ’
1355 584 1529 627 ἄναυδον
1555 585 1627 628 τὸν
1650 603 1720 627 πε-

259 648 443 703 Βὶώριον
473 651 617 690 ἐκεῖνον
646 654 983 705 προσαραχθῆναι
1000 655 1050 706 τῇ
1067 655 1139 706 γῇ·
1176 652 1242 692 καὶ
1271 668 1403 694 τουτω
1431 657 1488 694 τῶ
1510 657 1632 694 καινῶ
1655 655 1723 695 καὶ

293 717 389 772 ξένω
418 714 595 769 θεάματι
625 719 929 772 καταπλαγῆναί
955 734 996 759 τε
1024 734 1120 766 τους
1146 716 1337 770 Σκύθας,
1375 721 1440 760 καὶ
1468 720 1569 775 πρὸς
1592 716 1723 776 φυγὴν

293 783 498 841 ἀπιδεῖν)·
533 800 692 832 τουτοις
710 790 793 832 τοῖς
812 801 990 840 στρατηγ
992 792 1050 833 οἷς
1068 784 1322 841 παρηγγειλεν
1350 784 1371 827 ὃ
1400 791 1520 839 βασι)
1524 804 1611 838 ευς,
1649 787 1722 836 τὰς

292 849 478 903 δυνάμεις
501 849 765 905 ἀνειληφότας
793 852 855 892 ἐπὶ
883 851 957 905 τὴν
984 851 1133 907 ὅμορον
1155 854 1221 893 καὶ
1241 852 1504 908 ἀγχιτέρμονα
1525 859 1597 908 τῆς
1615 858 1717 896 Μυ-
1734 861 1768 895 ln

78 925 149 957 Ful.
167 923 237 959 302
257 935 284 957 ι’.
296 919 386 966 σίας
410 919 648 970 διαβαίνειν·
684 919 766 959 ἐκεῖ
785 935 827 960 τε
858 917 1137 972 διαχειμάζειν,
1175 921 1243 961 καὶ
1271 919 1479 974 γυμνάζειν
1501 922 1574 975 τὴν
1595 938 1721 977 στρα-

293 985 405 1036 τιὰν,
443 986 509 1026 καὶ
527 985 598 1026 τὸν
618 989 754 1041 χῶρον
782 987 996 1042 περιέπειν,
1035 984 1089 1035 ὥς
1106 984 1163 1040 μή
1184 1003 1244 1034 τις
1270 1004 1328 1040 ειη
1350 1004 1480 1029 τουτο)
1500 987 1612 1042 λώβη
1633 996 1721 1037 ταῖς

293 1053 508 1108 ε’κδρομαῖς
525 1057 606 1094 τῶν
626 1056 824 1094 Σκυθῶν·
847 1053 887 1101 ἐς
904 1070 946 1095 τε
966 1053 1038 1102 τὰς
1056 1051 1236 1102 ἐπαύλεις
1255 1056 1322 1095 καὶ
1342 1055 1393 1096 τὰ
1412 1055 1498 1109 ἤθη
1519 1060 1600 1097 τῶν
1621 1058 1720 1098 δυσ-

291 1123 423 1173 μενῶν
461 1118 706 1174 διγλώσσους
736 1119 887 1175 ἄνδρας
921 1121 1126 1174 ἐκπέμπειν
1160 1121 1364 1163 Σκυθικὸν
1400 1122 1722 1176 ημπισχημένους

293 1186 533 1240 ἱματισμὸν,
572 1185 626 1235 ὥς
652 1186 705 1228 τι),
738 1192 853 1243 σφῶν
881 1186 1093 1240 διαβούλια
1126 1195 1274 1243 γνοῖεν,
1313 1191 1379 1231 καὶ
1407 1194 1568 1243 βασιλεῖ’
1590 1194 1768 1234 witam

290 1252 514 1310 κατάφωρα
532 1255 738 1308 γίγνοιντο.
782 1254 856 1308 τὴν
874 1253 1063 1309 τοιαύτην
1081 1250 1152 1297 οὖν
1172 1254 1296 1311 φάσιν
1314 1256 1415 1313 πρὸς
1434 1261 1506 1299 τοῦ
1522 1257 1721 1311 βασιλέως

251 1319 515 1377 Οεῖληφότες,
553 1320 626 1374 τὴν
645 1319 844 1376 Εὐρώπην
864 1320 1254 1375 καταλαμβάνουσιν.

390 1386 458 1441 ιβ’.
496 1387 790 1443 Ταυροσκύθαι
823 1389 889 1441 δὲ,
927 1389 1000 1442 τὴν
1030 1387 1182 1431 τούτων
1209 1389 1489 1438 ἓνωτισθίντες
1515 1389 1717 1445 διάβασιν,

290 1453 516 1511 ἀπόμοιραν
536 1459 608 1508 τῆς
636 1456 829 1511 σφετέρας
849 1460 1040 1512 στρατιᾶς
1060 1456 1349 1512 διαιρὲσαντες,
1391 1457 1555 1500 Οῧννων
1582 1475 1623 1500 τε
1654 1460 1721 1501 καὶ

288 1524 452 1564 Μυσῶν
477 1526 636 1576 πλῆθος
655 1520 781 1577 ταύτῃ
807 1524 1199 1579 προσεταιρίσαντες,
1237 1524 1341 1565 κατὰ
1355 1522 1560 1578 Ῥωμαίων
1575 1532 1768 1581 χωρεῖν20

288 1587 603 1645 ἐκπεπόμφεσαν.
651 1588 741 1645 ἄρτι
765 1591 808 1631 δὲ
830 1590 902 1644 τὴν
922 1588 1074 1637 τούτων
1090 1590 1277 1644 ἓπήλυσιν
1300 1589 1320 1633 ὅ
1340 1590 1583 1648 ΖΠάγιστρος
1604 1591 1720 1649 Βάρ-
1765 1600 1768 1603 ’

290 1658 365 1704 δας
394 1655 658 1709 αἰσθόμενος,
697 1657 763 1697 καὶ
794 1656 924 1705 ἄλλως
959 1655 1135 1712 γενναΐός
1174 1675 1215 1699 τε
1245 1660 1312 1699 καὶ
1341 1659 1481 1714 ῥέκτης
1514 1658 1720 1714 τυγχάνων

289 1723 390 1780 ἀνὴρ
401 1756 415 1775 ,
451 1722 541 1765 τότε
563 1724 607 1765 δὲ
627 1721 843 1780 σφαδάζων
858 1729 981 1781 θυμῷ
1005 1726 1070 1766 καὶ
1089 1723 1227 1781 ῥώμης
1243 1724 1347 1782 ὁρμῇ
1357 1759 1371 1777 ,
1408 1727 1503 1775 τοὺς
1523 1727 1622 1783 ἀμφ’
1643 1725 1718 1768 αὖ-

376 1819 410 1853 5.
441 1820 575 1863 διαπτῆ
578 1831 648 1852 ναι.
689 1818 742 1851 Ex
767 1819 865 1852 Iliad.
890 1821 933 1853 Ε.
965 1821 1019 1855 99.
1124 1821 1177 1855 13.
1209 1817 1298 1865 ἤθη.
1336 1820 1451 1854 Possis
1478 1832 1608 1865 quoque
1633 1821 1717 1854 scri-

377 1864 458 1896 bere
479 1864 543 1919 ''hic
552 1832 717 1919 ηπλήθη,
750 1864 839 1908 quod
868 1869 919 1900 est
947 1865 1036 1899 infra
1057 1865 1101 1901 D.
1132 1866 1190 1899 lin.
1216 1868 1248 1901 1.
1303 1866 1434 1900 Tamen
1462 1867 1546 1900 nihil
1576 1867 1715 1900 mutavi.

376 1910 433 1943 23.
468 1905 530 1952 ἀφ’
550 1907 664 1943 αὐτὸν
687 1908 761 1943 cod.

288 1997 330 2019 eo
351 1986 510 2028 congredi
528 1987 650 2020 vellet:
674 1988 828 2027 Petrum,
852 1989 972 2022 robore
995 1990 1138 2022 assumto
1165 1987 1330 2031 animique
1357 1987 1606 2031 magnitudine,
1630 1999 1716 2032 quae

286 2031 429 2064 omnium
445 2032 725 2074 exspectationem
740 2033 909 2073 vinceret,
934 2033 1118 2066 calcaribus
1140 2044 1225 2076 equo
1246 2033 1370 2066 acriter
1390 2033 1532 2066 admotis
1548 2038 1583 2066 et
1598 2033 1715 2067 lancea

286 2076 423 2109 fortiter
442 2076 595 2116 vibrata,
620 2078 778 2110 ambabus
797 2089 869 2110 eam
886 2078 1064 2111 manibus
1055 2089 1089 2110 ιιι
1108 2078 1255 2120 Scythae
1272 2082 1390 2121 pectus
1406 2077 1580 2120 adegisse3
1599 2078 1716 2122 itaque

284 2121 435 2154 validum
452 2121 554 2154 fuisse
578 2122 699 2162 ictum,
724 2126 761 2155 ut
786 2123 957 2166 perforato
979 2134 1119 2166 corpore
1149 2122 1262 2166 cuspis
1287 2123 1329 2155 ad
1356 2122 1487 2155 dorsum
1513 2123 1714 2166 pervolaret,

285 2165 392 2199 hamis
407 2171 562 2199 conserta
577 2166 682 2200 lorica
701 2167 956 2211 haudquaquam
971 2167 1151 2211 prohibita,
1174 2167 1391 2210 immanisque
1407 2167 1512 2200 hostis
1526 2167 1614 2200 nulla
1629 2179 1715 2201 voce

286 2211 406 2244 emissa
430 2211 519 2243 humi
549 2215 774 2245 sterneretur.
799 2223 866 2255 quo
893 2224 978 2246 novo
1001 2212 1148 2255 miroque
1176 2212 1369 2255 spectaculo
1404 2213 1541 2245 territos
1569 2213 1715 2265 Scythas

286 2256 399 2298 fugam
414 2255 639 2299 respexisse):
664 2257 724 2289 hos
739 2256 840 2289 duces
861 2258 1047 2310 Imperator
1066 2256 1164 2289 iussit
1190 2257 1343 2290 assumtis
1365 2257 1508 2290 numeris
1534 2257 1570 2290 in
1602 2257 1714 2290 vicina

286 2305 322 2334 et
338 2300 476 2333 finitima
498 2301 701 2334 descendere
719 2301 888 2342 Moesiae,
911 2302 1019 2346 iisque
1037 2301 1071 2334 in
1098 2301 1180 2333 locis
1197 2302 1336 2335 hiberna
1354 2303 1573 2335 constituere:
1598 2302 1713 2346 copias

284 2345 465 2389 diligenter
483 2351 700 2385 exercerent,
723 2346 855 2379 obirent
878 2348 1066 2390 regionem,
1088 2357 1130 2378 ne
1154 2346 1232 2390 quid
1251 2346 1449 2380 calamitatis
1476 2359 1518 2380 ex
1533 2348 1712 2380 Russorum
1731 2358 1735 2362 ’

283 2390 527 2423 incursionibus
542 2370 725 2434 accipere't.
750 2402 812 2434 per
833 2392 994 2425 stationes
1013 2395 1048 2424 et
1073 2390 1146 2424 loca
1169 2391 1312 2424 hostium
1338 2393 1430 2425 viros
1449 2397 1624 2436 utramque
1648 2391 1712 2424 lin-

284 2447 383 2479 guam
410 2435 570 2469 callentes
599 2435 788 2468 emitterent
816 2436 975 2480 Scythico
996 2447 1088 2468 more
1111 2437 1273 2476 vestitos,
1295 2437 1351 2480 qui
1376 2437 1418 2470 de
1434 2448 1546 2470 eorum
1565 2436 1712 2468 consiliis

284 2484 525 2524 cognoscerent
537 2503 549 2523 ,
572 2480 661 2514 unde
679 2492 720 2514 ea
736 2481 934 2524 patefierent
952 2481 1155 2525 Imperatori.
1201 2481 1375 2515 Eiusmodi
1399 2481 1563 2516 mandatis
1587 2481 1629 2514 ab
1646 2481 1712 2513 Im-

285 2530 443 2570 peratore
458 2525 626 2570 acceptis,
649 2525 818 2569 Europam
834 2526 940 2568 legati
955 2525 1198 2569 ingrediuntur.

376 2572 430 2605 12.
451 2571 573 2611 Russi,
604 2581 677 2604 cum
701 2571 744 2603 de
770 2582 881 2604 eorum
907 2572 1052 2603 transitu
1071 2572 1262 2611 audissent,
1286 2575 1415 2615 partem
1446 2570 1633 2611 exercitus,
1657 2569 1710 2604 cui

286 2615 479 2650 Hunnorum
514 2616 798 2659 Bulgarorumque
828 2615 1067 2648 multitudinem
1094 2617 1332 2656 adiunxerant,
1362 2617 1396 2649 in
1419 2617 1583 2649 Romanos
1614 2626 1712 2660 prae-

287 2661 434 2695 mittunt.
479 2661 603 2694 Audito
629 2672 740 2693 eorum
761 2661 928 2700 adventu,
959 2661 1090 2695 Bardas
1109 2662 1275 2705 Magister
1294 2642 1451 2702 militum,
1475 2672 1546 2693 cum
1575 2665 1610 2695 et
1627 2660 1711 2694 alias

286 2705 394 2737 virum
411 2709 581 2739 strenuum
599 2706 784 2758 fortemque
801 2717 838 2739 se
853 2706 1079 2747 exhibuisset,
1102 2691 1190 2739 tumn
1188 2707 1325 2739 maxime
1343 2718 1384 2739 ea
1404 2705 1577 2739 occasione
1592 2716 1710 2757 magno

286 2749 395 2783 animo
415 2750 602 2795 impetuque
617 2750 795 2793 incitatus,
817 2754 935 2786 coacto
956 2751 1136 2786 electorum
1153 2751 1241 2785 circa
1267 2763 1305 2785 se
1321 2750 1462 2795 agmine,
1484 2751 1581 2793 signa
1595 2750 1710 2790 movit,
