1748 3094
247 83 347 130 460
692 90 741 134 C.
767 91 814 134 B.
843 89 996 136 HASII
1022 90 1221 136 NOTAE

246 193 313 238 '11.
331 193 378 235 A.
404 198 469 238 27.
491 194 537 234 D.
564 194 631 237 34.
651 195 695 234 E.
723 194 790 238 57.
813 195 857 234 B.
881 196 974 237 102-
995 192 1043 235 Α..
1076 197 1166 237 116.
1186 195 1228 234 C.
1259 197 1350 239 132.
1370 194 1417 234 D.
1445 193 1675 247 Anonymus

247 252 390 289 catena
415 253 460 289 in
486 251 686 289 Ieremiam
715 251 745 291 l.
774 251 841 292 54.
873 250 919 289 E.
957 251 998 291 S.
1024 250 1189 291 Basilius
1219 250 1395 303 Epistola
1414 264 1601 291 cccxxnt.
1629 252 1675 289 ΙΙ.

247 311 367 350 1096.
387 308 430 346 Β.
465 307 660 345 Palladius
679 307 826 345 Hister.
845 306 1018 346 Lausiac.
1046 309 1167 349 1010.
1189 306 1237 347 B.
1266 307 1425 346 Simeon
1449 307 1678 359 Metaphra-

246 369 323 402 stes
351 363 439 402 Vita
460 364 498 402 S.
516 364 642 400 Lucae
662 366 726 405 82.
747 363 794 402 A.
821 363 1055 414 Plerumque
1076 362 1181 401 enim
1205 362 1261 401 ibi
1285 369 1498 414 usurpatur
1524 363 1572 402 de
1595 363 1677 401 Deo

245 426 315 457 aut
347 418 525 468 christo,
566 419 761 469 apostolos
793 418 1087 470 prophetasque
1116 417 1465 474 προχειριζομένφ,
1474 452 1477 456 ,
1501 419 1675 470 eligente,

242 488 369 527 neque
387 449 616 513 subiiciente
635 474 864 525 cujusquam
884 475 1072 524 examini,
1100 476 1169 512 sed
1186 488 1339 513 summo
1357 489 1429 513 suo
1454 474 1675 513 testimonio

207 531 536 583 ccomprobante.
590 530 743 568 Addam
761 531 808 568 de
828 530 1110 581 significatione
1133 530 1319 569 adiectivi
1337 528 1551 594 πρόχειρος,
1576 544 1677 582 quae

242 601 368 639 neque
387 601 408 624 a
429 586 649 637 Ducangio,
676 600 803 638 neque
826 600 848 624 a
874 587 1060 637 Suicero,
1088 599 1216 638 neque
1232 587 1280 624 ab
1297 586 1506 626 Ernestio'
1494 600 1537 625 m
1556 587 1675 625 Lexi-
1714 614 1716 621 .

242 657 289 681 co
311 643 535 690 rhetorum,
563 648 698 690 notata
717 649 831 692 sunt,
864 643 1020 692 quando
1048 643 1097 680 de
1117 642 1285 680 lectione
1302 648 1533 694 usurpatur,
1559 656 1677 694 prae-

240 699 375 736 sertim
406 698 630 750 Scripturae
654 699 804 736 Sacrae.
861 699 979 737 Velut
1011 699 1054 736 in
1081 700 1122 738 S.
1145 697 1356 737 Athanasio
1385 699 1582 737 Adversus
1608 711 1675 737 eos

240 755 307 805 qui
326 755 469 792 volunt
489 754 718 805 simpliciter
746 753 863 791 djctis
883 754 1120 792 credendum
1141 768 1223 792 esse
1247 754 1298 792 H.
1322 755 1417 797 581.
1438 755 1481 792 F.
1511 770 1610 795 κατα
1629 770 1672 795 το

236 807 445 875 πρόχειρον
464 813 535 861 τῆς
554 807 796 863 ἐπαγγελίας.
834 810 1160 849 Montefalconius
1180 823 1405 878 perperam,
1421 812 1558 861 prima
1571 825 1673 862 pro-

237 868 510 903 nunciationis
530 867 680 915 fiQonte
737 866 809 903 Est
830 867 933 903 enim
961 863 1004 907 τὸ
1030 862 1235 929 πρόχειρον
1253 868 1324 918 τῆς
1346 862 1581 933 ἐπαγγελίας
1601 866 1674 904 ob-
1746 922 1748 925 ι

238 924 333 959 vias
356 923 618 972 litter-alisque
636 935 775 959 sensu-9
798 923 836 959 lo
840 924 1034 968 cationis,
1064 922 1269 973 oppositus
1286 925 1339 976 τῇ
1358 918 1575 974 μεταλήψει
1591 923 1674 961 sive

237 974 446 1033 ἀναγωγῇ,
473 978 549 1015 1100
570 984 646 1027 est,
674 980 809 1015 sensui
829 981 1009 1028 mystico
1065 978 1210 1016 Eadem
1233 977 1515 1028 significatione
1531 978 1674 1016 dicunt

234 1037 286 1088 τῇ
311 1035 506 1088 προχείρῳ
533 1010 722 1099 αἶσθ;]σει
749 1034 911 1072 loannes
946 1033 1187 1085 Philoponus
1214 1034 1271 1071 De
1304 1034 1499 1072 creatione
1531 1034 1673 1073 mundi

235 1092 329 1131 109.
352 1091 396 1127 A.
424 1089 453 1141 ἦ
476 1086 678 1158 πρόχειρος
709 1086 868 1129 διανοια
895 1090 1107 1141 Dionysius
1130 1090 1270 1129 Euseb.
1292 1092 1385 1132 273.
1409 1090 1449 1128 C.
1477 1086 1551 1142 τὴν
1569 1087 1671 1143 πρό-

234 1160 364 1196 χειρον
381 1143 548 1196 ἐκδοχην
563 1146 674 1183 Philo
696 1145 814 1193 Quod
831 1146 1001 1184 deterius
1012 1146 1160 1197 potioii
1178 1145 1356 1186 insidiari
1370 1146 1492 1184 soleat
1512 1146 1656 1189 142AE

234 1201 420 1251 Origenes
443 1202 587 1238 Contra
616 1202 714 1241 Cels.
743 1205 839 1244 211.
862 1202 903 1240 C.
926 1202 1019 1245 242.
1042 1201 1088 1241 Α.
1116 1204 1210 1244 317.
1245 1202 1285 1242 C.
1315 1201 1530 1239 Philocalia
1559 1204 1598 1244 8.
1622 1202 1668 1241 D.

236 1256 268 1308 ‘¹1‘
281 1253 486 1309 πρόχειρος
505 1260 583 1296 τῶν
606 1256 746 1305 λέξεων
768 1257 936 1308 ἔμφασις
958 1259 995 1298 5.
1018 1258 1178 1295 Ioannes
1195 1256 1498 1308 Chrysostomus
1518 1257 1666 1297 Homil.
1722 1279 1725 1280 ν

232 1326 399 1350 LXXXIV
418 1313 460 1349 in
478 1313 625 1362 Evang
642 1313 796 1350 Ioannis
807 1313 853 1350 II·
875 1316 968 1355 863.
988 1316 1055 1354 37.
1084 1310 1182 1353 κατὰ
1199 1309 1493 1365 τήνπρόχειρον
1511 1312 1669 1353 ἔννοιαν

233 1370 398 1406 Severus
418 1369 594 1406 catena
583 1383 626 1406 m
644 1369 842 1406 Ieremiam
861 1369 909 1405 II.
929 1369 1021 1418 525.
1041 1369 1083 1408 Β.
1113 1370 1151 1406 S.
1172 1369 1380 1418 Gregorius
1397 1369 1594 1419 Nyssenus
1611 1370 1668 1407 De

195 1424 326 1465 DVita
341 1424 500 1464 MosisI.
520 1428 612 1466 170
631 1422 731 1464 Ι).τὸ
750 1420 1047 1486 προχειρότερον
1061 1427 1134 1464 τοῦ
1148 1421 1268 1477 λόγου
1281 1423 1486 1473 Origenes
1474 1438 1517 1462 m
1531 1425 1665 1463 Ierem.

227 1482 322 1523 234.
340 1480 384 1518 A.
404 1478 502 1520 κατὰ
518 1477 726 1548 πρόχειρον
740 1483 841 1520 νοῦν
859 1482 896 1517 S.
907 1476 1019 1517 Nilus
1035 1480 1210 1531 Epistola
1226 1480 1275 1519 Π.
1295 1479 1345 1517 ad
1367 1480 1574 1518 nomnium
1603 1481 1667 1518 iu-

227 1537 328 1576 nior.
351 1540 417 1579 27.
440 1537 485 1575 Β.
512 1551 610 1575 κατα
633 1533 708 1588 τήν
731 1531 940 1587 πρόχειρον
968 1536 1189 1586 φαντασίαν
1210 1535 1322 1573 Philo
1350 1535 1468 1582 Quod
1497 1536 1667 1575 deterius

228 1599 312 1644 pot.
334 1592 408 1631 ins.
436 1592 559 1630 soleat
580 1595 673 1634 127.
699 1592 740 1629 C.
770 1592 957 1642 Reliquae
976 1591 1279 1641 sigm'ficationes
1303 1591 1488 1645 vocabuli
1517 1589 1666 1644 πρόχει-

229 1664 298 1700 ρος
317 1661 391 1685 nec
415 1662 510 1699 puel
513 1662 556 1685 os
576 1647 752 1697 fugiunt:
773 1660 997 1697 quanquam
1018 1647 1062 1684 iu
1078 1647 1156 1685 illis
1175 1660 1328 1698 quoque
1347 1647 1427 1686 vili
1446 1648 1553 1685 docti
1572 1662 1665 1699 pas-

231 1704 303 1741 sim
321 1704 433 1755 lapsi.
490 1704 623 1742 Veluti
641 1703 816 1741 Andreas
835 1703 1016 1752 Schatus,
1045 1717 1128 1741 non
1144 1703 1357 1742 recordans
1377 1704 1506 1754 operis
1531 1704 1667 1742 Ptole-

230 1759 329 1797 maei
350 1760 415 1797 cui
441 1760 580 1797 titulus
602 1757 778 1798 canones
796 1758 989 1810 expediti,
1017 1758 1114 1797 haec
1142 1760 1251 1798 Pauli
1269 1759 1548 1810 Alexandrini,
1577 1760 1666 1798 Ru-

231 1815 404 1852 dimeuta
423 1816 468 1852 in
486 1816 719 1866 Apotelesm.
738 1819 803 1858 26.
826 1817 868 1853 C.
889 1813 962 1866 τήν
984 1813 1027 1854 δὲ
1056 1811 1261 1868 οἷκρίβειαν
1287 1812 1441 1855 τούτων
1468 1814 1493 1855 0‘
1517 1811 1665 1867 πρόχει-

229 1886 298 1922 ρος
323 1869 456 1910 κανοόν
475 1872 678 1911 Κλαυδίου
700 1872 947 1923 Πτολεμαίου
971 1868 1233 1924 παραστήσει,
1262 1870 1320 1908 sic
1351 1870 1547 1908 reddidit:
1575 1873 1663 1908 Ex-

229 1928 423 1976 quisitam
439 1927 523 1966 lior.
547 1929 743 1964 rationem
764 1927 954 1964 exhibebit
986 1927 1124 1964 Canon
1155 1927 1213 1964 Cl.
1231 1926 1472 1975 Ptolemaei,
1498 1928 1571 1977 qui
1597 1941 1662 1964 ex-

227 1989 320 2022 stat.
361 1982 435 2020 Vel
452 1983 638 2020 Eusebius
652 1983 920 2021 Renaudotius
940 1983 1007 2020 illa
1031 1982 1226 2020 Gennadii
1243 1980 1493 2020 Patr-iarchae
1514 1982 1571 2019 De
1593 1996 1660 2020 sa-

227 2038 456 2075 eramentali
477 2052 546 2076 001
548 2052 643 2089 pore
666 2038 808 2076 Ch1isti
826 2042 892 2081 28.
915 2039 959 2076 Β.
990 2034 1039 2078 ου’
1059 2053 1133 2090 γαρ
1153 2054 1222 2085 τας
1249 2034 1469 2088 σωματικας
1487 2033 1572 2078 λυει
1599 2034 1661 2078 νό-

225 2105 322 2140 σους
347 2091 367 2134 ὁ
389 2090 577 2144 δεσπότης
597 2093 733 2145 ήμῶν,
765 2090 860 2134 ἄλλα
885 2109 956 2141 τας
976 2092 1165 2146 αμαρτίας
1185 2091 1327 2143 αφίησι
1351 2095 1484 2148 πολλῷ
1509 2107 1661 2157 προχει-

224 2145 407 2201 ρότερον,
433 2171 485 2177 ——
506 2150 630 2186 multo
642 2151 824 2198 facilius
838 2157 1006 2200 peccata
1027 2148 1207 2186 dimittet.
1251 2149 1349 2185 Nam
1365 2144 1662 2202 προχειρότερον

222 2217 304 2242 11011
323 2205 428 2242 valet
455 2204 534 2242 hoc
551 2205 638 2246 loeo
654 2207 856 2253 facilius,
886 2206 955 2244 sed
975 2206 1196 2256 promtius,
1218 2205 1500 2254 festinantius,
1522 2206 1659 2255 priua,

227 2267 270 2298 ut
283 2267 395 2312 patet
417 2273 467 2298 ex
484 2261 733 2310 sequentibus
744 2290 754 2308 ,
783 2263 992 2299 Servatore
1009 2260 1249 2311 spiritualem
1267 2260 1445 2298 morbum
1463 2260 1660 2311 paralyti-

71 2331 109 2362 Γ,
136 2330 201 2366 ⁸29
225 2316 263 2354 ci
293 2322 454 2354 sanante
477 2316 590 2367 prius
622 2329 739 2382 quam
774 2316 951 2367 corporis
986 2315 1226 2355 curationem
1259 2313 1486 2367 susciperet.
1541 2316 1659 2354 Plura

224 2373 405 2424 exempla
431 2372 541 2410 vocis
563 2369 770 2424 πρόχειρος
789 2385 993 2423 perperam
1025 2377 1205 2434 acceptae
1234 2370 1300 2408 hic
1329 2371 1442 2410 missa
1469 2370 1656 2409 facimus:

222 2429 360 2480 quod
348 2442 392 2466 1n
410 2428 633 2466 trivialibus
649 2427 813 2475 morari,
842 2441 923 2464 non
948 2433 1007 2465 est
1029 2427 1205 2464 instituti
1223 2427 1359 2465 nostri.

324 2487 431 2552 Pag.
463 2486 558 2526 102.
587 2484 659 2520 lin
690 2487 730 2524 7.
767 2479 895 2528 Αὐτὸς
915 2481 980 2532 δὲ]
1017 2482 1122 2520 Haec
1139 2495 1263 2532 usque
1291 2483 1343 2520 ad
1359 2482 1448 2532 Peg.
1468 2483 1560 2524 103.
1579 2479 1653 2520 lin.

223 2544 286 2582 17.
308 2536 506 2580 α’νὲκαθεν
533 2538 786 2577 combefisius
805 2538 925 2576 vertit
944 2538 1050 2589 apud
1067 2540 1156 2588 Pag.
1178 2538 1244 2579 IV.
1274 2539 1339 2581 24.

331 2595 432 2635 Ibicl.
463 2597 534 2638 lin.
563 2597 630 2637 18.
671 2590 933 2645 ἄναστασιμος
961 2592 1105 2645 ημὲρα,
1121 2568 1236 2633 ozaff’
1258 2591 1311 2645 ἣν
1337 2607 1411 2644 την
1439 2587 1657 2644 ὅρθόδοξον

220 2651 372 2701 πίστιν]
403 2652 560 2689 Festum
599 2650 877 2697 orthodoxiae,
908 2649 956 2686 de
984 2663 1062 2699 quo
1094 2649 1168 2687 1ite
1204 2649 1383 2687 obeundo
1419 2647 1568 2685 multus
1599 2652 1658 2684 est

222 2707 499 2747 Constantinus
520 2706 712 2760 Porphyr.
736 2705 950 2746 caerimon.
974 2706 1052 2745 aul.
1071 2706 1131 2757 Β)
1131 2705 1282 2746 zant..1.
1306 2708 1371 2748 92.
1391 2703 1430 2742 C.
1461 2701 1656 2742 incidebat
