1754 2996
241 125 341 175 492
697 132 746 176 C.
774 134 820 177 B.
850 130 1005 175 HASII
1031 131 1231 175 NOTAE
1256 163 1259 166 »

240 236 395 307 g⁰fi¹¹¹¹¹
421 236 596 289 Presbyt.
633 236 726 276 Vita
756 238 795 276 S.
826 235 1003 286 Gregorii
1021 235 1203 275 Nazianz.
1223 237 1253 276 Ι.
1277 238 1404 291 cxluj.
1424 237 1471 276 A.
1490 253 1687 290 noemmi-

239 309 320 341 κως
339 292 480 333 εἰπεῖν·
509 293 701 331 alluditur
721 293 769 331 ad
791 292 949 330 Iesaiam
964 305 1068 330 xxx.
1092 295 1157 335 17.
1186 293 1257 331 Vel
1276 294 1453 333 Concilio
1473 294 1683 334 Oecumen.

241 348 416 403 septimo
425 349 468 386 in
489 350 723 388 refutatione
750 348 990 387 definitionis
1011 349 1243 388 Iconoclast.
1262 349 1327 389 IV.
1342 351 1435 393 328.
1455 349 1499 390 Ε.
1525 365 1686 403 προφη-

200 408 359 453 Βτικῶς
388 401 534 456 φάναι,
574 402 771 456 ἅναμέσον
801 403 916 458 ἁγίου
944 403 1012 445 καὶ
1040 401 1212 457 βεβήλου
1252 421 1300 446 ου
1328 405 1561 446 διέστειλαν..
1606 406 1686 443 Ubi

237 467 438 514 praeterea
468 462 698 499 vertendum
729 475 832 510 non,
862 468 907 498 ut
926 461 1156 512 prophetice
1171 463 1427 511 fateamur,-
1445 462 1551 513 quod
1577 461 1687 500 dedit

236 524 353 557 vetus
371 517 576 569 interpres,
606 531 688 555 non
710 517 1026 555 animadvertens
1047 530 1129 556 esse
1148 518 1279 556 locum
1298 517 1524 570 Scripturae
1539 532 1685 568 sacrae,

236 574 331 614 sed.-
361 581 407 610 ut
419 574 638 625 prophetae
662 573 892 625 [Ezechielis
914 587 1018 612 xxn.
1037 573 1127 626 26.]
1147 574 1276 613 verbis
1293 582 1472 612 utamur.

349 629 451 668 Ibid.
483 630 554 668 lin.
585 633 651 672 21.
679 626 879 669 Ἐνταῦθα
915 631 1096 684 φρουρίῳ
1133 627 1392 683 προσβάλλει]
1421 630 1523 678 Ista,
1555 642 1686 680 usque

237 686 288 724 ad
307 686 428 724 verba
452 685 494 725 ἐκ
522 682 690 738 βαθρων
718 682 945 738 ἀνήγειρεν,
976 692 1064 723 ante
1097 686 1268 725 Bandur.
1297 686 1464 738 Imperio
1495 685 1685 724 Oriental.

236 742 285 781 II.
315 742 409 784 481.
433 742 475 781 Β.
486 742 634 794 ,apud
660 756 774 792 quem
807 744 921 796 Συρᾷ
945 742 1086 792 legitur
1113 748 1152 780 et
1173 742 1398 794 Μεμπετζέ,
1428 742 1507 780 iam
1524 742 1686 779 Ducan—

237 798 323 848 gius
354 797 584 848 vulgaverat
611 798 746 836 Nott.
734 812 777 835 1n
799 799 971 836 zonarae
995 798 1136 836 Annal.
1155 798 1200 838 Π.
1227 802 1319 842 107.
1339 800 1383 836 D.
1404 812 1486 836 non
1509 797 1592 835 sine
1611 797 1687 835 mi-

235 854 345 892 nutis
370 854 547 902 mendis,
579 867 677 904 quae
696 861 826 899 tamen
845 854 947 892 tanti
965 868 1044 891 non
1068 860 1182 903 sunt,
1211 861 1258 892 ut
1281 853 1479 905 sigillatim
1501 854 1685 904 exagites.

236 910 301 948 Ad
326 909 431 947 hanc
457 910 747 962 expeditionem
775 910 974 961 Syriacam
1005 909 1241 959 Tzimiscae‚
1272 924 1306 949 a.
1331 910 1426 953 974.
1448 915 1685 961 susceptam,

236 967 461 1005 Elmacinus
490 967 592 1004 Hist.
627 968 754 1004 Sarac.
784 969 877 1008 233.
903 966 944 1004 C.
973 980 1181 1018 perperam
1206 966 1329 1004 refert
1357 966 1687 1017 expugnationem
1750 1002 1753 1005 ,

236 1021 489 1071 Antiochiae,
519 1023 660 1061 factam
683 1037 704 1060 a
724 1024 851 1060 Burza
876 1036 909 1060 a.
931 1025 1036 1065 969:
1066 1022 1156 1061 vide
1175 1036 1293 1074 supra
1314 1022 1381 1065 49.
1404 1023 1448 1061 D.
1468 1028 1506 1059 et
1525 1025 1619 1064 221-
1638 1021 1686 1061 A.

344 1080 452 1129 Pag.
486 1081 577 1120 166.
607 1081 679 1118 lin.
711 1081 777 1120 18.
808 1074 1019 1118 Ἐντεῦθεν
1034 1075 1207 1131 ἀπάρας]
1238 1078 1344 1116 Haec
1355 1091 1480 1129 usque
1499 1078 1548 1116 ad
1566 1077 1686 1116 finem

235 1134 376 1186 capitis
395 1135 445 1183 V,
475 1131 530 1180 ὥς
545 1150 613 1185 μοι
633 1133 712 1185 ἤδη
730 1131 957 1185 δεδήλωται,
990 1137 1082 1177 1Ο3.
1106 1136 1152 1184 D,
1183 1142 1221 1172 et
1238 1141 1406 1185 utraque
1425 1134 1559 1184 lingua
1581 1133 1687 1186 apud

234 1190 480 1228 Bandurium
507 1190 553 1229 ΙΙ.
582 1191 678 1233 480.
705 1191 748 1228 Β.
778 1196 816 1227 et
838 1190 985 1228 Graece
1013 1191 1208 1228 duntaxat
1231 1191 1275 1228 in
1302 1190 1493 1241 Ducangii
1513 1190 1620 1228 Nott.
1641 1189 1687 1227 in

235 1248 375 1285 Zonar.
394 1246 442 1285 ΙΙ.
467 1249 558 1288 103.
576 1248 617 1284 G.
675 1247 751 1284 Sed
772 1245 848 1295 ibi,
878 1252 923 1284 ut
941 1246 1018 1284 alia
1036 1247 1190 1285 minuta
1210 1246 1351 1284 menda
1372 1252 1535 1295 taceam,
1563 1246 1686 1284 verba

198 1300 310 1354 cvm!
324 1298 466 1351 εἰκόνα,
487 1316 586 1353 quae
597 1303 782 1352 leguntur
801 1303 845 1339 in
861 1302 939 1340 hac
957 1303 1019 1342 ed.
1040 1317 1126 1354 pag.
1150 1307 1242 1346 167.
1253 1302 1325 1343 lin.
1346 1302 1386 1344 4.
1417 1316 1499 1340 una
1523 1315 1614 1339 cum
1634 1301 1686 1339 li-

231 1372 304 1396 nea
316 1359 352 1401 5.
363 1358 513 1408 integia
525 1372 606 1396 non
625 1359 708 1397 sine
718 1359 849 1409 aliquo
868 1359 1158 1410 perspicuitatis
1175 1359 1408 1397 detrimento
1425 1358 1568 1396 omissa
1577 1363 1683 1406 sunt,
1723 1360 1726 1362 ’

233 1415 377 1466 opinor
397 1415 503 1465 quod
522 1428 639 1453 voces
666 1414 855 1466 repetitae
874 1418 1110 1467 παραλιπεῖν
1127 1421 1167 1453 et
1186 1413 1473 1467 παρειληφέναι
1493 1386 1685 1464 Ducangii

233 1471 490 1510 describentis
518 1472 654 1508 oculos
678 1471 816 1509 tuibm
818 1477 895 1508 ent

342 1530 449 1578 Pag.
482 1530 574 1569 167.
602 1528 674 1566 lin.
705 1530 742 1571 6.
770 1523 838 1567 τόν
864 1524 907 1567 δὲ
936 1528 1014 1565 τῶν
1043 1521 1323 1580 ὃμοθρήσκων]
1353 1525 1578 1577 Ducangius
1605 1527 1686 1566 τῶν

233 1581 279 1624 δὲ
304 1586 397 1632 τῶν,
427 1583 538 1621 male.

276 1650 280 1654 ’
344 1613 446 1678 Jh'td.
475 1640 546 1677 lin
574 1642 613 1681 7.
642 1634 739 1690 πρός
750 1633 916 1690 ἐνωπια]
947 1637 1094 1676 Vocem
1105 1638 1354 1676 Homericam
1368 1633 1540 1678 ἕνωπιον
1558 1636 1684 1690 (Iliad.

235 1697 280 1736 Θ.
298 1695 393 1738 435.
419 1698 470 1735 Ν.
501 1698 595 1738 261.
618 1694 759 1745 odyss.
783 1698 830 1734 Δ.
851 1694 919 1736 42.
940 1697 989 1733 Χ.
1014 1697 1105 1736 121.
1124 1694 1215 1732 vide
1237 1694 1430 1745 Heynium
1451 1692 1617 1731 virum
1606 1706 1686 1730 im-

231 1752 387 1790 mortal.
409 1752 520 1789 Obss.
540 1751 589 1789 ad
610 1750 720 1790 Iliad.
741 1763 781 1790 v.
801 1750 894 1792 491.
915 1748 976 1804 B.)
997 1764 1078 1787 non
1094 1750 1292 1788 intellexit
1308 1749 1493 1798 Banduri‚
1513 1748 1570 1786 sic
1589 1762 1685 1787 ver-

233 1813 342 1858 tens,
372 1809 558 1845 coniectis
578 1807 708 1844 oculis
726 1808 771 1843 in
789 1820 846 1855 ea,
878 1820 982 1857 quae
1006 1820 1033 1842 a
1043 1807 1182 1856 fronte
1200 1807 1288 1848 ‚sibi
1310 1806 1461 1843 obiecta
1477 1811 1600 1842 erant.

345 1863 450 1903 Ibid.
470 1865 541 1902 lin.
561 1866 598 1906 8.
635 1859 965 1914 ἆνατεθειμένην]
984 1862 1208 1913 Ducangius
1226 1859 1567 1914 α’νατεθριμμὲνην
1581 1858 1683 1912 [sic].

343 1918 448 1957 [bid.
479 1921 549 1960 lin.
580 1922 646 1961 19.
676 1914 999 1969 ἀποτρίψασθαι]
1031 1918 1203 1969 Ducang.
1231 1914 1548 1971 ἀποτρέψασθαι.

346 1974 449 2014 Ιύἱᾱ.
481 1977 553 2014 lin.
583 1979 652 2018 20.
681 1973 900 2028 προσβολῇ]
930 1975 1105 2024 Ducang.
1135 1975 1337 2028 προβολῇ,
1367 1979 1406 2010 et
1434 1973 1552 2024 paulo
1578 1978 1685 2024 post,

232 2030 282 2071 D.
319 2030 390 2068 lin.
425 2033 464 2072 3
492 2029 587 2078 τούς
630 2028 673 2070 δὲ
715 2031 940 2082 δυσμενεῖς·
977 2030 1072 2067 item
1100 2030 1172 2068 lin.
1201 2030 1239 2071 5.
1273 2029 1512 2080 εἰσπηδῆσαί
1537 2043 1579 2068 τε
1604 2031 1685 2068 τῶν

230 2085 428 2139 Ἐβραίων
449 2085 592 2126 ἑστίαν.
643 2086 751 2132 Quae
769 2092 988 2136 sequuntur
1006 2085 1164 2134 omittit,
1195 2098 1320 2135 usque
1341 2084 1393 2121 ad
1407 2084 1539 2131 verba,
1565 2083 1633 2123 καὶ
1649 2099 1683 2123 τ.
1746 2097 1754 2139 4

236 2145 561 2196 μεγαλοπρεπως·
593 2155 692 2193 quae
713 2142 806 2179 item
833 2156 883 2180 ex
904 2141 1047 2179 Codice
1069 2115 1327 2179 restituenda.

198 2213 232 2248 1)
350 2200 454 2248 P-ag
486 2201 579 2241 166.
611 2199 681 2237 lin.
710 2198 749 2241 5·
779 2201 1003 2251 πολιορκεῖν
1028 2197 1069 2246 ἐξ
1091 2196 1322 2250 ἐπιδρομῆς]
1350 2194 1480 2240 Dictio
1500 2207 1550 2233 ex
1576 2193 1685 2246 Aga.
1748 2228 1754 2245 =.

233 2254 317 2295 thia
345 2254 411 2296 50.
443 2253 489 2291 A.

347 2307 449 2348 Ibid.
480 2310 554 2348 lin.
585 2311 624 2350 9.
656 2304 895 2359 ειῖχείμερον]
927 2308 1111 2347 Occurrit
1135 2303 1357 2359 ευχείμερος
1371 2306 1452 2345 hoc
1472 2307 1552 2344 fere
1567 2318 1685 2343 sensu
1744 2287 1754 2333 ss

235 2366 342 2420 apud
361 2365 481 2403 Arist.
505 2365 561 2402 De
581 2377 662 2415 rep.
680 2365 727 2404 II.
750 2365 844 2406 438.
867 2365 914 2403 A.
934 2378 1157 2416 quanquam
1172 2377 1310 2401 vocem
1329 2377 1413 2400 eam
1433 2362 1571 2400 eiicere
1591 2361 1684 2399 inde
1750 2395 1754 2402 ,

234 2423 391 2463 volebat
410 2421 582 2460 Muretus
601 2419 731 2458 Variis
749 2420 857 2458 lectt.
872 2420 917 2458 in
937 2420 1123 2458 Thesaur.
1143 2419 1230 2457 crit.
1253 2418 1477 2457 Grata-211.
1501 2417 1620 2459 1125.
1638 2417 1683 2454 Β.
1749 2456 1754 2461 .

347 2476 450 2517 Ihisl.
480 2478 553 2516 lin.
586 2479 652 2519 20.
682 2471 751 2525 ἐφ’
789 2473 900 2524 όλαις
935 2476 1098 2530 ἡμέραις
1135 2475 1342 2526 ἐπεποίητο
1381 2471 1455 2525 τήν
1500 2470 1684 2523 ἐπιτολην

237 2531 260 2577 ὅ
261 2531 495 2589 γδοήκοντα]
527 2532 721 2570 Cedrenus
756 2530 803 2568 ΙΙ.
837 2535 930 2574 683.
957 2533 1001 2572 Β.
1026 2533 1154 2569 visum
1182 2544 1261 2569 esse
1281 2531 1375 2568 aita
1398 2541 1528 2567 mense
1545 2528 1684 2578 Augu-
1747 2534 1754 2579 ᾖ

235 2598 296 2629 sto
329 2590 412 2628 ind.
442 2589 508 2627 ΙΙΙ.
542 2588 614 2636 εως
645 2584 888 2639 Ὀκτωβρίου
917 2585 1038 2639 μηνὸς
1065 2590 1137 2638 τῆς
1166 2602 1350 2639 τεταρτης
1375 2585 1560 2626 ἰνδίκτου.
1618 2582 1684 2621 Sic
1749 2584 1754 2644 Ξ

237 2646 341 2685 enim
372 2646 643 2684 demonstrant
673 2642 797 2681 Codd.
821 2643 1029 2693 legendum
1060 2656 1162 2692 esse,
1200 2657 1282 2681 non
1311 2641 1384 2690 εως
1412 2636 1515 2681 ὀκτώ
1545 2641 1684 2692 μηνοῖν
1750 2684 1754 2698 ‹.

236 2718 269 2743 τ.
286 2717 317 2743 τ.
341 2701 366 2742 ἰ.
387 2702 493 2752 qu6d
515 2707 573 2740 est
593 2701 637 2738 in
663 2713 768 2739 cuso.

348 2759 454 2810 Pag.
486 2760 577 2802 170.
608 2757 678 2797 lin.
708 2755 746 2801 4.
774 2769 873 2796 κατα
911 2751 985 2809 τὴν
1030 2751 1282 2809 Παγκάλειαν
1316 2746 1589 2807 παρετάξατο]
1629 2749 1685 2788 De
1746 2774 1754 2817 ,³
