1768 3034
296 137 360 184 44
780 142 982 189 LEONIS
1008 142 1246 187 DIACONI

83 255 119 286 A.
141 254 183 285 M.
204 253 291 290 6471
303 247 570 300 ἀντιστάσεως
598 249 953 306 ἄνθαμιλληθῆναι
985 255 1042 308 τῷ
1072 247 1243 307 τοιούτῳ
1268 245 1464 303 κινήματι.
1511 250 1726 303 δαιμονίως

125 300 191 332 Ind‘
216 301 239 335 6
301 318 378 374 γὰρ
407 318 530 359 αὐτὸν
551 318 703 374 ἔστεργε
724 319 774 360 τοὶ
797 317 1100 375 στρατεύματα,
1138 318 1204 358 καὶ
1222 321 1301 365 πᾶς
1320 333 1381 365 τις
1399 315 1524 358 αὐτοῦ
1543 323 1627 365 τοῖς
1649 317 1725 357 αὗ-

259 390 290 424 Β
294 384 472 440 χήμασιν
494 384 735 439 ἐσεμνύνετο.
784 388 849 426 καὶ
876 386 951 441 γὰρ
982 386 1023 426 ἐν
1051 384 1237 437 πολέμοις
1270 384 1538 440 ἀναστραφεὶς
1561 384 1604 425 ἐκ
1634 381 1723 425 νεό-

294 469 427 506 τητος,
466 454 530 494 καὶ
550 453 724 508 φοβερὸς
744 452 993 506 ἀναδειχθεὶς
1012 453 1053 493 ἐν
1070 458 1155 500 τοῖς
1170 451 1273 493 κατὰ
1291 449 1402 500 τάξιν
1420 452 1486 493 καὶ
1501 448 1635 504 μάχας
1650 450 1723 492 ἇν-

296 518 631 575 δραγαθήμασιν,
670 520 717 561 οὗ
744 518 869 574 μόνον
899 519 973 573 τὴν
1001 518 1124 573 ἀλκὴν
1152 518 1308 572 ἄμαχος
1336 518 1454 560 ἐτέλει
1479 519 1545 559 καὶ
1568 517 1768 573 aspectat-5}

294 589 398 638 ξιος,
447 587 548 628 ἀλλὰ
578 588 643 628 καὶ
682 587 754 640 τὴν
783 587 911 642 φρένα
941 586 1236 641 κατηρτυμένος
1267 586 1333 627 καὶ
1362 584 1436 639 τὴν
1464 584 1724 639 παντοδαπὴν

296 654 440 709 ἀρετὴν
462 652 747 710 ἆπαράμιλλος.
794 654 918 703 εὐθὺς
936 649 1007 696 οὗν
1033 656 1086 702 εἰς
1116 653 1189 707 τὴν
1217 657 1298 695 τῶν
1318 653 1559 707 Καισαρέων
1585 653 1724 706 ἐκκλη-

295 722 387 762 σιάν
413 720 534 772 νέων,
574 722 723 763 ἐκεῖθεν
743 723 804 762 ἐπὶ
824 722 896 775 τὴν
918 721 1066 775 σκηνὴν
1086 721 1368 776 ἐπανέστρεφε,
1406 721 1472 761 καὶ
1501 719 1571 762 τὸν
1588 716 1724 761 Ἰωάν-

294 805 367 842 νην
383 792 440 844 τῷ
459 792 530 829 τοῦ
551 790 793 845 ΖΙἸαγίστρου
815 787 986 842 τιμήσας
1004 785 1197 840 ἇξιώματι
1206 820 1220 840 ,
1257 787 1509 841 Δομέστικον
1524 790 1597 840 τῆς
1606 786 1724 829 Ἀνα-

294 859 417 908 τολῆς
436 853 696 910 ἀνηγόρευσεν
705 888 718 907 ,
757 855 983 909 ἐντάλματά
1004 872 1044 897 τε
1065 857 1130 896 καὶ
1153 853 1406 910 διατάγματα
1424 858 1631 907 πανταχοῦ
1652 857 1725 908 τῆς
1738 864 1768 899 1(

290 919 512 976 Ῥωμαὶῑιῆς
538 921 748 977 ἡγεμονίας
776 924 982 976 ἐξέπεμπε,
1031 924 1096 964 καὶ
1136 921 1386 978 στρατηγοὺς
1422 919 1725 977 προχειρισάμε-

258 995 366 1037 (ὶνος
402 990 463 1029 ἐπὶ
494 989 563 1031 τὸν
592 989 776 1039 Εὔξεινον
786 1024 800 1042 ,
838 993 904 1031 καὶ
941 990 992 1032 τὰ
1020 988 1220 1045 παράκτιοι
1252 988 1407 1041 πάντα,
1455 990 1522 1029 καὶ
1550 987 1725 1042 Ἄβυδον

295 1055 493 1108 ἔστελλεν,
534 1057 690 1114 ἄπτέρῳ
717 1056 825 1111 τάχει
852 1058 1006 1099 ἀπιέναι
1034 1055 1191 1106 τούτοις
1212 1054 1559 1112 ἐγκελευσάμενος·
1603 1059 1725 1097 τοῦτο

293 1121 412 1176 τάχα,
451 1122 505 1172 ὥς
526 1123 635 1177 ἔοικε,
674 1123 1031 1181 προμηθούμενος,
1070 1124 1147 1180 πρὸ
1170 1128 1242 1166 τοῦ
1263 1126 1474 1177 διαπτῆναι
1493 1122 1566 1176 τὴν
1585 1120 1725 1178 φήμην

293 1195 367 1244 τῆς
385 1190 653 1247 ἀναρρήσεως,
682 1196 754 1245 τῆς
771 1190 896 1247 ὑγρᾶς
916 1192 1010 1240 τοὺς
1028 1191 1242 1247 πορθμοὺς
1258 1193 1324 1233 καὶ
1341 1190 1436 1238 τοὺς
1453 1187 1603 1245 πόρους
1620 1206 1722 1245 προ-
1735 1199 1768 1235 1ε

294 1265 516 1311 κατασχεῖν.
563 1257 668 1300 οὕτω
695 1259 771 1314 γὰρ
801 1258 899 1315 ᾤετο
929 1259 1031 1301 κατὰ
1064 1263 1159 1300 νοῦν
1185 1256 1295 1314 αὑτῷ
1312 1255 1509 1313 χωρήσειν
1542 1256 1593 1298 τὰ
1617 1254 1724 1313 πρά-

292 1341 426 1379 γματα
437 1357 449 1376 ,
489 1327 553 1366 καὶ
574 1326 631 1379 μὴ
654 1325 942 1380 ἐπινεμεσήσειν
970 1326 1044 1379 τὴν
1068 1324 1192 1379 τύχην
1223 1323 1331 1382 αὗτῷ
1342 1357 1356 1376 ,
1394 1325 1658 1377 ἐπιμειδιᾶσαι
1680 1324 1741 1365 δὲ,

289 1396 445 1444 μᾶλλον
476 1391 614 1447 ἱλαρόν
638 1409 674 1433 τι
703 1395 768 1433 καὶ
789 1392 958 1448 ἥμερον,
998 1392 1092 1446 εἴγε
1115 1390 1353 1448 προτερήσοι
1377 1391 1451 1445 τὴν
1471 1395 1551 1432 τῶν
1571 1392 1730 1432 ἐπικαι-·

291 1457 473 1514 ροτάτων
489 1461 648 1514 χωρίων
668 1458 907 1513 κατάληψιν.
945 1464 1073 1500 ταῦτα
1095 1457 1115 1500 ὃ
1134 1458 1370 1514 Νικηφόρος
1388 1457 1720 1514 διαπραξάμενος,

291 1527 356 1577 καὶ
387 1528 441 1574 εἷς
465 1525 619 1582 ἇῤῥαγῆ
651 1526 925 1579 συνασπισμὸν
957 1525 1274 1574 καταπυκνώσας
1294 1526 1367 1575 τὰς
1387 1522 1618 1580 φάλαγγας,
1657 1526 1768 1569 nam(

291 1590 499 1645 ὁπλισμοῖς
521 1593 646 1641 αὐτὰς
663 1593 855 1648 εὗερκέσιν
877 1592 1221 1649 ἀσφαλισάμενος,
1258 1597 1330 1647 τῆς
1348 1594 1596 1648 Καισαρείας
1616 1590 1723 1633 ἀπά-

248 1663 366 1714 Βρας
383 1661 444 1700 ἐπὶ
466 1661 538 1714 τὴν
561 1659 853 1712 βασιλεύουσαν
879 1661 958 1702 ἵετο
973 1676 982 1684 ·
1020 1659 1229 1714 ἐπιστολήν
1250 1677 1291 1701 τε
1307 1658 1490 1716 χαράξας
1509 1661 1574 1700 καὶ
1596 1662 1721 1700 Φιλο-

288 1726 375 1784 θέῳ
403 1731 460 1784 τῷ
490 1727 698 1780 Εὖχιίίτων
722 1726 921 1785 &manduce
950 1729 1166 1785 ἐγχειρίσας
1173 1761 1186 1780 ,
1226 1726 1327 1784 πρός
1345 1744 1387 1781 τε
1405 1731 1486 1768 τῶν
1513 1728 1722 1780 ἐκκλησια-

379 1841 414 1876 4.
447 1843 505 1878 καὶ
532 1844 628 1886 μαχ.]
654 1843 715 1878 καὶ
738 1844 832 1877 deest
854 1845 889 1877 in
912 1845 1036 1880 codice.
1082 1845 1190 1879 Linea
1207 1848 1315 1878 autem
1332 1845 1481 1889 proxime
1505 1843 1720 1890 praecedenti

380 1887 475 1922 Fort.
499 1889 564 1932 leg.
588 1889 825 1932 ἀνατραφεὶς,
850 1895 888 1923 ut
904 1890 982 1924 icem
1007 1893 1062 1926 28.
1090 1891 1128 1923 C.
1198 1893 1230 1926 8.
1264 1889 1354 1924 νεών
1386 1891 1459 1924 cod.
1534 1891 1590 1925 16.
1613 1889 1721 1932 νοῦν]

380 1934 448 1967 νῦν
473 1935 545 1968 cod.
637 1936 693 1969 23.
726 1933 818 1978 πρός
835 1947 883 1970 τε.
913 1937 981 1970 Vix
999 1936 1077 1970 hinc
1093 1937 1212 1970 abesse
1230 1939 1343 1981 potest
1357 1933 1432 1971 τόν.

291 2032 426 2066 deretur
450 2033 530 2066 belli
553 2034 605 2067 vis
631 2034 789 2068 eiusmodi
815 2036 916 2069 motui
945 2036 1110 2069 obsistere
1137 2047 1392 2080 repugnareque
1417 2046 1530 2080 posse.
1585 2034 1722 2079 Quippe

287 2077 426 2111 mirifice
454 2080 609 2112 amabant
628 2091 701 2113 eum
724 2081 864 2121 milites,
897 2092 1006 2126 neque
1023 2084 1097 2114 erat
1115 2081 1245 2114 omnino
1263 2081 1437 2125 quisquam
1462 2081 1543 2125 quin
1563 2080 1721 2113 laudibus

289 2122 361 2155 eius
380 2123 591 2166 gloriaretur.
639 2125 726 2158 Nam
742 2126 777 2158 in
795 2126 890 2159 bellis
910 2130 1063 2160 versatus
1082 2138 1101 2159 a
1119 2137 1243 2170 puer0‚
1277 2130 1312 2158 et
1342 2127 1384 2158 ob
1411 2126 1560 2159 facinora
1586 2125 1620 2157 in
1646 2124 1721 2157 acie

288 2168 493 2212 praeliisque
514 2169 610 2202 edita'
619 2171 901 2213 pertimescendus
918 2196 928 2212 ‚
952 2183 1016 2204 non
1036 2171 1131 2204 modo
1150 2171 1276 2204 viribus
1295 2170 1437 2205 invictus
1456 2175 1550 2210 erat,
1573 2169 1722 2214 miraque

287 2213 512 2254 dexteritate,
537 2225 651 2247 verum
668 2219 776 2248 mente
794 2227 924 2260 quoque
943 2216 1143 2260 composita,
1169 2220 1203 2248 et
1222 2216 1380 2259 cujusque
1397 2215 1485 2248 modi
1505 2216 1631 2248 virtute
1648 2215 1721 2247 sine

291 2258 523 2291 controversia
539 2265 724 2301 praestans.
771 2260 825 2293 Ita
843 2261 913 2293 sine
929 2273 1037 2300 mora,
1063 2267 1236 2304 postquam
1255 2261 1289 2292 in
1307 2260 1481 2293 ecclesiam
1491 2259 1722 2293 Caesariensi-

290 2313 344 2335 um
369 2309 583 2346 perrexerat,
608 2304 642 2336 in
667 2305 916 2338 tabernaculum
940 2317 1114 2349 regressus
1131 2306 1286 2338 Ioannem
1306 2305 1465 2349 Magistri
1484 2305 1648 2348 dignitate
1661 2305 1720 2337 ho·

289 2352 441 2381 notatum
457 2348 679 2381 Domesticum
699 2350 851 2382 Orientis
872 2351 1065 2392 renunciat,
1090 2351 1244 2384 mandata
1274 2354 1308 2382 et
1333 2351 1445 2383 edicta
1472 2359 1722 2394 quoquoversus

290 2403 352 2436 per
368 2393 539 2437 imperium
553 2394 734 2426 Romanum
754 2395 892 2437 emittit,
918 2396 1020 2428 duces
1037 2407 1057 2428 a
1075 2407 1112 2428 se
1131 2395 1328 2428 constitutos
1356 2395 1391 2428 in
1409 2396 1565 2434 Pontum,
1597 2394 1639 2427 ad
1662 2393 1721 2426 lit-
1761 2433 1763 2437 X

289 2442 365 2471 tora
391 2439 517 2479 omnia,
551 2439 790 2483 Abydumque,
821 2451 939 2483 magna
962 2440 1135 2473 celeritate
1154 2440 1304 2472 adhibita
1326 2441 1526 2473 contendere
1549 2439 1664 2478 iubet3
1685 2438 1724 2472 id

288 2493 392 2525 agens
404 2508 414 2524 ,
438 2483 556 2528 opinor
567 2508 576 2524 ,
596 2484 683 2527 quod
700 2496 742 2516 ex
759 2495 796 2516 re
811 2490 885 2517 erat
902 2485 995 2525 fieri,
1020 2490 1058 2517 ut
1074 2485 1273 2529 priusquam
1290 2486 1378 2518 fama
1395 2485 1568 2518 electionis
1585 2493 1722 2528 percre-

289 2527 418 2561 buisset
428 2555 435 2569 ,
458 2529 546 2562 freta
557 2530 784 2572 trajectumque
793 2530 974 2563 maritimos
991 2534 1132 2562 teneret.
1180 2530 1239 2562 Sic
1251 2530 1336 2563 enim
1347 2531 1568 2570 existimabat,
1592 2540 1633 2560 ex
1644 2538 1720 2561 sen-

287 2572 394 2605 tentia
409 2584 479 2606 rem
502 2573 566 2606 sibi
583 2583 830 2617 processuram,
853 2586 961 2618 neque
979 2575 1188 2607 irascituram
1213 2575 1297 2616 sibi,
1331 2576 1390 2608 sed
1414 2575 1519 2608 hilare
1543 2573 1655 2617 potius
1680 2583 1721 2605 ac

287 2616 407 2649 leniter
422 2618 601 2651 arrisuram
618 2619 800 2658 fortunam,
826 2619 854 2651 si
870 2623 1054 2652 maturaret
1072 2620 1422 2664 opportunissimorum
1448 2620 1593 2652 locorum
1619 2627 1721 2650 occu-

286 2661 464 2703 petionem.
510 2663 575 2695 His
590 2664 689 2696 rebus
708 2663 868 2697 confectis
891 2665 1105 2708 Nicephorus
1126 2675 1198 2697 cum
1215 2664 1400 2707 legionibus
1416 2665 1451 2697 in
1471 2664 1598 2696 firmam
1614 2661 1722 2695 aciem

287 2707 487 2747 contractis,
513 2708 678 2752 armisque
698 2709 803 2752 probe
831 2708 1026 2750 instructis,
1051 2710 1222 2742 Caesarea
1246 2710 1417 2752 profectus
1443 2709 1487 2742 ad
1501 2709 1616 2741 urbem
1641 2716 1720 2750 per-

290 2749 397 2784 rexit:
420 2751 549 2786 litteras
568 2764 652 2797 quas
669 2753 865 2798 scripserat,
881 2754 1058 2788 Philotheo
1068 2753 1306 2787 Euchaitarum
1322 2753 1483 2800 episcopo
1499 2753 1655 2794 traditas,
1679 2748 1723 2784 ad
