1754 2996
328 152 388 195 IN
413 149 620 195 LEONIS
647 151 886 197 DIACONI
911 151 1016 196 Lm.
1044 152 1158 198 VIII.
1385 146 1487 197 473

15 296 19 300 ,
37 256 217 296 οώἰσῇιε
235 254 307 296 dee
337 257 587 310 Ungn‘schen
602 258 757 297 Reiclzs·
771 257 817 300 1..
830 258 930 302 865.
950 258 998 298 Β.
1017 257 1222 297 Batonius
1242 256 1392 300 Amal:
1410 259 1490 298 Ec-

38 314 135 353 cles.
161 313 268 354 XVI.
297 317 393 357 210.
423 314 467 353 C.
496 315 650 364 secuti,
679 315 845 368 opinor,
875 313 1119 364 Cedrenum,
1157 314 1227 366 qui
1252 315 1419 354 innuere
1446 315 1494 354 id

37 370 203 409 videtur
228 369 277 408 11.
312 373 406 413 671.
436 371 478 411 C.
535 371 682 410 Contra
711 371 744 410 si
775 383 913 410 verum
938 377 999 410 est
1025 371 1134 423 quod
1160 371 1215 409 ait
1250 371 1328 409 Leo
1349 374 1415 414 78.
1443 371 1491 411 A.

38 426 273 466 Tzimiscem
301 426 427 464 altero
456 425 706 479 principatus
731 441 857 477 anno,
886 440 1019 466 mense
1042 427 1276 476 novembri,
1304 426 1494 466 Theodo-

37 496 125 523 rsm
145 482 306 521 duxisse
331 481 426 534 (Leo
444 485 510 525 78.
532 482 611 535 A.),
641 497 732 522 cum
754 490 967 522 coronatus
988 483 1043 522 sit
1058 498 1094 522 s.
1114 487 1213 534 969,
1241 483 1280 522 d.
1297 497 1400 523 xxv.
1414 485 1493 523 De-

39 538 230 584 cembris,
260 538 358 591 ipsis
388 537 534 577 Christi
560 540 759 578 natalibus
784 539 929 592 (supra
956 543 1050 583 226.
1078 537 1158 592 Q),
1193 540 1494 579 matrimonium

38 594 275 634 contrahere
303 594 441 634 debuit
464 609 498 635 a·
517 599 612 638 971.
642 603 849 647 vergente,
879 596 927 634 ab
948 596 1046 634 urbe
1074 595 1275 647 proficisci
1303 604 1394 636 ente
1412 598 1492 636 Pn-

14 650 135 690 ·schs
159 651 253 690 snni
270 651 469 704 sequentis
490 654 586 694 972.
613 651 717 705 (Leo
742 655 809 695 80.
838 651 924 704 C.),
954 652 1246 699 Praesthlabsm
1264 666 1493 706 expugnare

38 707 135 747 feria
164 708 304 759 quinta
329 707 521 756 maxima,
550 707 628 746 hoc
651 715 709 747 est
730 708 770 749 d.
789 722 883 747 xm.
904 708 1054 759 Aprilis
1079 709 1251 748 eiusdem
1273 710 1368 748 enni
1388 710 1531 763 (Leon

39 765 108 806 83.
128 762 210 815 A.),
239 763 386 802 Pascha
405 763 461 801 ibi
482 764 679 803 celebrare
701 764 794 817 (Leo
817 766 882 807 85.
905 764 989 817 A.)‚
1021 766 1215 817 postridie
1239 765 1333 805 inde
1353 780 1487 805 move-
1560 771 1566 782 ²

37 832 83 859 re
104 818 286 871 (cedrea.
303 820 355 859 ΙΙ.
376 820 471 863 674.
490 819 565 872 B),
595 822 767 873 primum
790 821 984 873 praelium
1004 828 1093 859 ante
1115 822 1368 873 Dorystolum
1382 823 1493 861 sace-

36 888 83 914 re
101 875 166 915 die
194 878 233 914 S.
253 877 413 925 Georgii
435 875 567 929 (Cedr-
586 879 681 920 675.
701 876 776 929 D.),
802 876 883 917 hoc
901 884 960 916 est
986 877 1025 916 d.
1043 891 1163 916 xxm.
1185 879 1328 929 April„
1356 878 1495 918 debel-

37 932 125 971 lare
143 932 202 971 ibi
234 932 276 972 d.
299 933 390 971 Iulii
414 946 535 972 xxiv.
563 932 663 986 (Leo
684 934 751 977 94.
778 933 824 973 B.
851 934 907 972 Le
932 934 1039 972 Beau
1060 935 1124 973 die
1147 948 1250 973 xxv.
1272 935 1351 985 ait,
1379 937 1493 974 Hm.

38 1001 127 1027 ΧΠ.
159 991 251 1032 198.
273 987 349 1039 Β.).
378 989 578 1028 Continuo
599 996 691 1042 post
712 990 762 1029 de
778 990 1064 1042 compositione
1087 997 1215 1029 actum
1234 997 1304 1040 est,
1334 1005 1494 1043 paxque

39 1051 131 1083 ante
149 1044 267 1083 finem
289 1045 383 1084 Iulii
400 1046 526 1084 facta:
553 1052 601 1084 ut
618 1046 708 1084 ideo
726 1046 762 1085 is
777 1046 933 1095 mensis,
962 1047 1045 1085 sive
1064 1046 1115 1085 ad
1135 1050 1276 1090 a.971.
1290 1047 1374 1086 sive
1387 1050 1436 1086 ad
1455 1062 1491 1087 a.

37 1104 133 1144 972.
150 1114 237 1139 eum
248 1102 407 1150 referas,
428 1102 725 1141 conditionibus
746 1102 978 1155 perscriptis
1002 1103 1109 1154 pacis
1121 1104 1227 1155 apud
1238 1104 1390 1144 Nestor.
1404 1104 1493 1142 An-

36 1157 119 1195 nal.
130 1157 177 1196 V.
186 1161 213 1200 7
215 1161 254 1200 2.
270 1159 315 1196 A.
331 1164 440 1197 recte
457 1158 657 1210 praefixus
673 1159 735 1198 sit.
763 1160 974 1210 Utcunque
983 1165 1112 1197 totum
1124 1159 1272 1198 bellum
1283 1160 1492 1199 Russicum

38 1219 211 1264 quatuor
229 1214 389 1253 circiter
400 1215 593 1253 mensium
610 1215 738 1267 spatio
757 1215 1186 1254 confectum'videtur:
1205 1229 1252 1254 ac
1270 1216 1394 1255 miror
1414 1218 1493 1255 Pa-

36 1269 160 1319 gium‚
179 1269 295 1308 initia
316 1270 411 1309 belli
432 1271 483 1309 sd
516 1285 551 1310 a.
572 1275 667 1314 971.
691 1271 841 1323 (Critic.
857 1271 923 1309 lv.
942 1274 1008 1314 28.
1028 1271 1076 1311 A.
1086 1270 1120 1324 )‚
1148 1271 1268 1310 finem
1287 1272 1386 1314 ada.
1395 1275 1492 1316 973.

38 1324 123 1378 (lv,
141 1328 211 1369 32.
230 1327 294 1377 A.)
313 1328 560 1366 referentem.
589 1327 777 1365 Rebellio
786 1327 928 1365 Leonis
943 1327 1231 1379 Curopalatae'
1219 1341 1262 1365 m
1281 1328 1380 1366 urbe
1397 1328 1493 1382 (Leo

38 1384 106 1426 89.
127 1381 189 1432 D.)
211 1383 409 1433 pertinere
427 1384 588 1422 videtur
604 1384 655 1422 ad
666 1384 814 1423 Maium
834 1384 900 1423 vel
914 1383 1073 1422 Iunium
1093 1384 1265 1423 eiusdem
1288 1384 1396 1435 anni,
1415 1398 1495 1437 quo

37 1438 156 1478 Russi
174 1438 359 1478 debellati
379 1445 487 1480 sunt.

148 1497 257 1547 Pag.
285 1500 378 1540 129.
408 1497 480 1535 lin.
513 1499 551 1538 1.
581 1494 625 1536 ἐκ
645 1492 815 1549 βάθρων
832 1498 978 1536 τοῦτον
993 1496 1235 1549 οἰκοδομεῖν]
1264 1496 1366 1535 Vide
1385 1496 1495 1549 Agn-

37 1550 163 1590 thiam
186 1554 279 1596 152.
297 1552 342 1592 Β.
363 1552 413 1592 de
428 1552 671 1603 Iustiniana,
701 1553 741 1591 S.
770 1551 958 1614 Sophiam
983 1566 1008 1590 a
1035 1553 1151 1605 plebe
1169 1562 1399 1592 succensam
1424 1567 1495 1594 ae·-

37 1608 234 1648 difieante.

150 1663 255 1703 Ibid.
284 1664 357 1703 lin.
385 1668 425 1706 2.
454 1668 534 1705 τῶν
563 1665 709 1718 γείσων
740 1661 859 1713 αυτὸς
881 1665 1119 1717 σχηματίσας
1145 1680 1217 1706 τον
1242 1665 1532 1719 περίμετρον]ο

43 1717 102 1760 Τὰ
118 1725 231 1772 γεῖσα
248 1720 484 1771 simpliciter
504 1724 636 1758 muri:
663 1727 711 1759 ut
737 1721 843 1759 idem
870 1719 1057 1774 (opinor)
1084 1734 1204 1773 supra
1221 1725 1260 1764 6.
1283 1722 1333 1761 A.
1361 1728 1401 1761 et
1424 1723 1490 1765 15.

40 1777 84 1814 C.
122 1777 287 1828 Proprie
307 1776 569 1828 suggrundia
589 1777 804 1827 significat.
834 1778 939 1828 apud
966 1777 1171 1827 Agathiam
1197 1782 1264 1821 21.
1292 1779 1338 1816 D.
1376 1786 1492 1816 ante-

32 1840 318 1884 pagmentum.-
349 1833 421 1870 sed
448 1834 616 1871 Leonem
645 1847 725 1870 non
754 1833 893 1871 dubito
914 1846 987 1871 suo
1003 1847 1113 1873 more
1139 1847 1285 1873 vocum
1308 1834 1492 1886 proprias

40 1889 348 1939 significationes
365 1889 577 1927 miscuisse.
616 1888 717 1927 Vide
738 1889 786 1927 de
803 1888 880 1926 hoc
897 1891 1094 1928 vocabulo
1114 1890 1264 1929 erudite
1280 1905 1303 1928 a
1321 1890 1494 1929 Schnei-

40 1945 136 1983 dero
160 1945 357 1997 disputata
385 1945 516 1983 Lexic.
533 1946 630 1988 254.
651 1945 693 1983 C.
713 1945 807 1982 item
823 1945 983 1984 salmas.
1014 1947 1077 1984 Ad
1093 1947 1196 1985 Hist.
1211 1947 1376 1998 August.
1394 1948 1489 1991 405.
1539 1968 1541 1970 -

16 2005 18 2007 ’
42 2002 84 2039 C.
106 2007 144 2039 et
165 2002 320 2052 Hugon.
349 2001 463 2039 Grot.
486 2002 674 2039 Annotat.
694 2001 735 2038 in
757 2002 879 2039 libros
904 2002 1090 2054 Evangel.
1112 2004 1206 2046 507.
1228 2003 1271 2042 Β.
1317 2004 1374 2041 De
1391 2010 1490 2042 tem.

38 2058 109 2110 plo
129 2057 350 2096 Servatoris
370 2058 412 2094 in
434 2057 577 2095 Chalce
599 2057 759 2109 copiose
780 2058 1013 2108 Anonymus
1033 2060 1088 2097 De
1113 2060 1237 2110 antiq.
1257 2060 1490 2098 Constanti-

39 2127 135 2162 nop.
155 2113 261 2165 apud
282 2113 457 2151 Banduri
478 2114 507 2151 Ι.
532 2117 595 2156 10.
618 2114 663 2151 D.
690 2113 757 2151 ubi
781 2121 987 2164 narratur,
1016 2115 1114 2167 Imp.
1135 2129 1180 2154 eo
1209 2115 1395 2154 detulisse
1413 2112 1491 2157 ἆπό

39 2171 115 2209 τοῦ
131 2170 346 2218 ταξειδίου,
376 2185 422 2207 ex
439 2170 582 2208 bellica
602 2169 845 2221 eipeditione
864 2169 975 2223 (vide
995 2184 1113 2224 supra
1133 2172 1229 2216 215.
1248 2170 1336 2224 B.‚)
1364 2173 1491 2224 Bery-

38 2231 191 2263 tensem
215 2226 433 2264 Servatoris
454 2226 670 2264 crucifixi
658 2240 759 2276 nnagr
738 2226 878 2272 inem.

152 2280 255 2322 Ibid.
285 2282 357 2319 lin.
386 2286 427 2324 6.
457 2280 622 2335 αγγελόν
648 2297 690 2322 τε
714 2281 822 2336 αὐτῷ
845 2283 1020 2346 δοθῆναι
1040 2280 1364 2336 ἐξαιτησάμενος,
1392 2299 1490 2336 προ-

38 2333 309 2388 πορευόμενον
330 2340 405 2377 τοῦ
435 2339 621 2390 στρατοῦ]
664 2339 730 2376 Sic
756 2339 817 2376 Ma
798 2339 971 2377 auricius
991 2339 1093 2391 Imp.
1120 2340 1164 2378 in
1196 2340 1490 2392 expeditionem

38 2394 314 2445 profecturus,
352 2406 462 2432 more
493 2395 654 2446 antiquo
688 2395 752 2433 vel
777 2394 985 2434 incubavit
1005 2395 1078 2447 (ut
1105 2396 1288 2435 dicebant
1310 2394 1487 2447 veteres)

40 2448 585 2500 numini.'1heophylactus
605 2451 820 2488 Simocatta
839 2451 991 2491 Hister.
1014 2453 1106 2495 140.
1129 2453 1174 2491 D.
1192 2456 1323 2519 τυχεῖν
1346 2450 1388 2491 δὲ
1409 2454 1490 2504 γλι-

40 2501 206 2557 χόμενος
227 2505 296 2544 καὶ
321 2506 439 2552 θείας
458 2521 568 2555 τινος
593 2506 782 2554 ἐποπτείας
809 2508 1195 2560 συστρατευσαμένης
1224 2503 1334 2561 αυτῷ
1361 2507 1402 2558 [l.
1423 2519 1489 2546 συ-

42 2559 375 2613 στρατευσαμένης
391 2559 526 2616 αὖτῷ],
556 2562 622 2603 ἐπὶ
639 2560 684 2604 ro*
700 2562 798 2616 μέγα
814 2566 888 2614 τῆς
904 2565 1122 2617 θρησκείας
1139 2563 1524 2614 κατεπαννυχίζετοΙ)

3 2662 6 2663 ⁷
42 2614 201 2667 τέμενος
222 2638 272 2646 -
294 2632 364 2656 και
388 2619 460 2668 τῆς
477 2619 728 2683 θεανδρικῆς
754 2616 1011 2672 μετελαγχανε
1035 2619 1282 2658 πανδαισίων
1310 2616 1355 2668 [l.
1377 2633 1491 2659 παν-

47 2672 233 2723 aazias}
272 2668 585 2725 Προπορενομαι
602 2680 660 2712 est
677 2687 728 2712 ex
747 2675 915 2726 Agathia
935 2678 1001 2718 93.
1022 2676 1062 2712 C.
1083 2678 1178 2716 126.
1200 2674 1245 2710 D.

155 2728 262 2779 Peg
293 2731 387 2770 130
415 2729 448 2765 li
432 2743 486 2769 c,n
523 2729 562 2771 4.
601 2727 648 2770 ὃν
673 2729 741 2770 καὶ
768 2727 927 2783 Γάγγην
951 2726 1176 2780 κικλήσκειν
1209 2724 1393 2779 εἰώθασι]
1428 2729 1491 2768 Ex

45 2782 207 2833 vulgata
225 2790 325 2821 tunc
345 2783 546 2835 opinione.
602 2785 778 2824 Alcimus
799 2787 941 2826 Avitus
963 2787 1019 2824 De
1041 2785 1154 2824 initio
1170 2783 1311 2823 mundi
1330 2788 1433 2829 290.
