1768 3034
258 165 352 215 148
751 164 953 211 LEONIS
978 163 1217 209 DIACONI

49 299 83 329 Λ.
104 295 145 326 Μ.
167 282 472 330 648οσπίσαντες
491 272 635 334 (αὖθις
656 275 732 333 γὰρ
762 274 783 318 ὃ
804 273 940 329 λόγος,
978 271 1075 315 ὅθεν
1097 271 1210 325 ἐξέβη
1221 301 1235 323 ,
1270 265 1506 327 ἐπάνεισιν),
1543 268 1605 310 ἐπὶ
1633 262 1680 310 τό

91 340 156 372 ¹¹¹⁶·
178 337 220 372 15
266 350 399 393 πεδίον
436 346 596 403 ἐξῄεσαν
606 377 620 396 ,
655 345 773 386 παντὶ
803 341 935 384 σθένει
964 336 1216 395 πειρώμενοι,
1253 336 1341 390 τὰς,
1364 341 1443 379 τῶν
1476 334 1681 390 Ῥωμαίων

263 419 476 472 πυρπολεῖν
508 409 702 467 μηχανάς.
763 408 811 450 οὗ
852 407 928 462 γὰρ
956 406 1029 455 τὰς
1058 403 1212 447 τούτων
1234 403 1337 457 μετὰ
1366 403 1496 462 ῥοίζου
1525 402 1680 457 ἴστεγον

266 481 559 537 ἓκπεμπομένας
574 477 699 532 βολὰς
711 508 723 527 ,
759 476 953 516 πλείστων
972 471 1161 528 ὁσημέραι
1180 469 1257 513 {ma
1283 474 1363 513 τῶν
1381 469 1599 526 ἀφιεμένων
1620 470 1681 510 λί-

266 555 357 593 θων
379 545 671 603 ἀναιρουμένων
690 546 877 585 >lavatam
915 538 1100 593 Ἰωάννης
1121 539 1164 580 δὲ
1183 536 1203 580 ὃ
1224 535 1463 593 Κουρκούας
1488 538 1554 578 καὶ
1578 533 1715 578 Μά-5

267 631 427 673 γιστρος
437 646 449 665 ,
487 615 528 654 ἔκ
544 611 679 666 γένους
696 607 905 665 προσήκων
924 611 981 665 τῷ
1000 609 1175 660 βασιλεῖ,
1211 604 1284 658 τὴν
1301 608 1380 646 τῶν
1397 601 1587 646 τοιούτων
1603 620 1684 656 μη-

231 680 512 738 ῃχανημάτων
533 675 766 731 ποιούμενος
784 674 987 731 φυλακὴν,
1024 671 1096 726 τὴν
1114 671 1215 725 μετὰ
1240 669 1423 726 θράσους
1451 668 1576 725 ὁρμὴν
1605 673 1686 711 τῶν

269 750 455 792 ἐναντίων
477 745 571 788 ι’δών
582 776 595 795 ,
632 745 697 785 καὶ
720 742 850 790 ἄλλως
874 741 967 797 οἴνῳ
997 743 1237 795 καρηβαρῶν
1257 740 1322 779 καὶ
1340 735 1561 788 νευστάζων
1580 734 1684 792 (μετ’

271 816 434 872 ἄριστον
459 813 535 868 γὰρ
563 807 654 868 ἦν),
686 810 810 851 ἰ’ππου
831 808 969 861 ἐπιβὰς
978 838 991 858 ,
1040 806 1112 847 σὺν
1137 812 1220 861 τοῖς
1246 805 1498 860 ε’φεπομένοις
1523 801 1684 858 λογάσιν

269 883 416 938 ἤλαυνε
445 879 532 921 κατ’
565 878 709 918 αὐτῶν.
778 873 923 933 βόθρῳ
952 874 995 914 δὲ
1024 870 1184 920 ὄῖππος
1204 872 1451 924 κατενεχθεὶς
1470 868 1686 923 ἀποβάλλει
1699 876 1741 910 10

272 954 352 992 τῶν
379 945 515 989 νώτων
534 945 602 986 τὸν
621 940 872 997 Μάγιστρον.
919 941 956 982 οἶ
975 940 1018 981 δὲ
1035 938 1216 989 Σκύθαι,
1254 938 1448 993 ἀριπρεπῆ
1467 937 1689 978 πανοπλίαν

273 1013 437 1065 ῗὸόντες,
474 1013 539 1054 καὶ
559 1009 723 1067 φάλαρα
742 1013 812 1050 τοῦ
825 1009 948 1049 ἵππου
968 1008 1033 1048 καὶ
1050 1006 1120 1059 τὴν
1139 1004 1263 1058 ἄλλην
1282 1004 1423 1058 σκευὴν
1443 1002 1690 1059 ἐξειργασμέ-

274 1101 325 1125 να
342 1083 535 1135 λαμπρῶς
552 1076 784 1132 (ἐτύγχανον
801 1075 877 1130 γὰρ
893 1071 1123 1128 κατακόρως
1142 1072 1386 1126 ἀληλιμμένοι
1407 1070 1582 1128 χρυσῷ),
1619 1067 1690 1111 δὸ-

276 1153 412 1199 ξαντες
442 1145 564 1188 αὐτὸν
588 1146 731 1185 ἐκεῖνον
762 1140 859 1183 εἶναι
886 1141 955 1182 τὸν
982 1137 1259 1194 αὐτοκράτορα
1268 1171 1282 1190 ,
1319 1136 1483 1193 ἀθρόως
1501 1138 1690 1192 περιδρα-

149 1223 189 1258 Ρ.
211 1222 256 1258 92
277 1214 418 1270 μόντες
445 1212 580 1260 αὐτοῖς
599 1210 733 1258 ὅπλοις
750 1212 892 1250 τοῦτον
914 1213 997 1256 τοῖς
1017 1208 1143 1262 ξίφεσι
1161 1207 1225 1247 καὶ
1243 1205 1413 1247 πελέκεσι
1434 1204 1689 1257 κατεμέλισαν
1702 1211 1744 1246 15

275 1283 435 1335 ἀπηνῶς
447 1292 456 1303 ·
492 1279 665 1335 δορατίῳ
683 1294 723 1318 τε
742 1276 814 1329 τὴν
832 1274 1006 1331 κεφαλὴν
1026 1274 1327 1329 περιπείραντες,
1355 1271 1416 1313 ἐπὶ
1436 1275 1514 1313 τῶν
1531 1268 1689 1326 πύργων

274 1348 511 1400 κατέπηξαν,
542 1343 760 1398 Ῥωμαίους
789 1340 1058 1392 τωθάζοντες,
1096 1338 1149 1388 ὥς
1168 1339 1238 1380 τὸν
1263 1343 1377 1394 σφῶν
1389 1338 1555 1391 βασιλέα
1580 1338 1691 1390 δίκην

273 1412 529 1470 βοσκήματος
555 1404 903 1467 ’κρεουργήσαντεςκ
949 1407 1051 1448 ἀλλὰ
1070 1410 1236 1448 τοιαῦτα
1256 1406 1329 1458 μὲν
1346 1403 1528 1458 Ἰωάννης
1549 1402 1570 1445 ὅ
1589 1401 1693 1445 Μά-

275 1497 434 1537 γιστρος
456 1478 698 1533 ἀπηνέγκατο
718 1477 769 1518 τὰ
797 1475 967 1529 ἐπίχειρα
978 1506 991 1525 ,
1030 1467 1084 1514 ὧν
1109 1474 1163 1520 εἷς
1183 1471 1276 1520 τοὺς
1294 1472 1430 1520 θείους
1457 1467 1694 1527 πεπαρῳνή-

275 1566 330 1590 κει
348 1546 505 1600 σηκοὺς,
528 1548 665 1598 θυμοῦ
681 1546 931 1598 βαρβαρικοῦ
948 1538 1113 1594 γεγονὼς
1125 1536 1412 1594 παρανάλωμα.
1448 1538 1596 1592 λέγεται
1615 1536 1746 1591 γὰρΞΟ

276 1613 447 1661 πολλοὺς
466 1616 545 1654 τῶν
570 1610 672 1652 κατὰ
689 1610 857 1651 Μυσίαν
876 1610 1071 1662 κεραΐσαι,
1108 1607 1174 1647 καὶ
1203 1605 1253 1647 τὰ
1280 1603 1433 1647 τούτων
1457 1604 1600 1646 ἔπιπλα
1625 1604 1692 1644 καὶ

277 1679 396 1734 σκεύη
418 1679 468 1720 τὰ
490 1677 575 1733 ἱερὰ
599 1679 652 1725 εἷς
667 1675 844 1717 ἰδιωτικὰ
869 1670 1158 1728 μετασκευάσαι
1176 1670 1367 1725 κειμήλια.

377 1745 424 1795 ς’.
456 1743 553 1793 ‘Pac
573 1744 617 1785 δὲ
636 1747 686 1799 τῇ
704 1741 868 1797 τοιαύτῃ
889 1743 975 1796 νίκῃ
998 1740 1324 1794 κατεπαρθέντες,
1356 1738 1396 1788 ἐς
1413 1736 1485 1792 τὴν
1505 1736 1691 1778 ε’πιοῦσαν

243 1817 352 1856 Βτοῦ
386 1813 526 1860 ἄστεος
548 1809 767 1860 ὑπεξιόντες
775 1841 788 1861 ,
825 1807 934 1864 παρὰ
954 1807 999 1850 τὸ
1016 1807 1248 1861 μεταίχμιον
1267 1803 1476 1856 ἐτάξαντο·
1507 1802 1692 1857 Ῥωμαῖοι

367 1898 421 1932 13.
452 1893 667 1940 ἅληλεγμένα
690 1892 766 1928 cod.

277 1963 411 1996 exitum.
435 1961 536 1996 Russi
553 1972 644 2001 vero,
662 1961 828 2004 phalange
838 1960 929 1994 facta
945 1958 1052 2003 (redit
1069 1958 1154 1992 enim
1174 1969 1224 2002 eo,
1239 1957 1325 1991 unde
1335 1967 1469 2001 egressa
1476 1958 1539 1996 est,
1557 1953 1694 1997 oratio),

276 2008 311 2040 in
330 2018 476 2050 campum
501 2010 750 2050 processerunt,
774 2017 897 2038 summa
913 2006 948 2038 vi
968 2004 1222 2044 contendentes,
1247 2008 1286 2036 ut
1302 2003 1517 2035 Romanorum
1530 2004 1695 2033 tormenta

278 2055 534 2085 concremarent.
565 2052 676 2093 Aegre
697 2050 780 2083 enim
797 2051 865 2083 tela
884 2062 955 2083 cum
980 2049 1122 2082 stridore
1136 2047 1212 2080 inde
1228 2047 1328 2080 missa
1343 2046 1529 2079 tolerabant
1540 2068 1550 2085 ,
1574 2044 1694 2088 quibus

278 2096 426 2140 quotidie
449 2095 594 2139 Scythae
612 2095 742 2139 plurimi
758 2095 925 2139 lapidibus
940 2094 999 2128 icti
1016 2093 1266 2126 deiiciebantur.
1310 2092 1443 2134 Agebat
1459 2094 1693 2123 tormentorum

276 2140 460 2174 custodiam
474 2140 613 2173 Ioannes
629 2141 781 2172 Curcuas
794 2140 952 2183 magister
977 2138 1132 2176 militiae,
1155 2147 1278 2180 genere
1305 2147 1377 2168 cum
1391 2135 1594 2178 Imperatore
1613 2144 1695 2166 con-

275 2186 421 2219 iunctus.
466 2184 500 2217 Is
517 2184 574 2216 ubi
593 2185 703 2217 hostes
722 2185 882 2217 audacter
899 2187 1130 2228 procurrentes
1153 2181 1257 2221 vidit,
1289 2180 1360 2213 vini
1383 2178 1551 2223 somnique
1577 2177 1693 2222 plenus

276 2230 385 2275 (quod
400 2233 475 2273 post
493 2228 665 2272 prandium
682 2239 735 2261 res
754 2229 969 2272 gerebatur),
993 2238 1077 2271 equo
1096 2236 1272 2259 conscenso
1283 2249 1292 2265 ‚
1316 2236 1390 2258 cum
1407 2223 1618 2268 sequentibus
1634 2222 1694 2256 de-

276 2275 374 2308 lectis
393 2277 508 2307 contra
530 2273 632 2306 venit.
678 2273 796 2316 Equus
818 2274 852 2306 in
870 2274 1019 2306 scrobem
1049 2271 1178 2304 delatus
1201 2270 1299 2303 dorso
1325 2281 1398 2302 eum
1421 2268 1561 2302 excutit.
1606 2267 1693 2300 Tum

275 2320 440 2363 Scythae,
463 2317 625 2361 insignem
650 2323 847 2350 armaturam
870 2317 960 2358 eius,
985 2316 1202 2361 phalerasque
1224 2314 1302 2359 equi
1329 2325 1400 2347 cum
1425 2313 1553 2356 reliquo
1576 2316 1694 2345 ornatu

276 2364 463 2398 elaboratas
486 2362 662 2405 magnifice
679 2363 861 2405 conspicati
877 2363 991 2405 (erant
1007 2361 1093 2395 enim
1114 2360 1240 2392 affatim
1257 2360 1392 2393 inducta
1410 2358 1508 2401 auro)
1519 2383 1528 2397 ,
1552 2356 1618 2390 rati
1629 2356 1694 2390 Im·-

276 2413 464 2454 peratorem
484 2419 557 2441 esse
569 2431 580 2448 ‚
604 2418 714 2439 omnes
732 2407 824 2440 simul
846 2405 1036 2439 circumfusi
1053 2416 1117 2438 una
1135 2415 1208 2437 cum
1228 2404 1327 2437 annis
1345 2414 1419 2436 eum
1449 2401 1572 2446 gladiis
1596 2411 1695 2434 secu-

277 2454 439 2497 ribusque
457 2453 565 2486 ferum
581 2451 616 2484 in
633 2451 759 2484 modum
778 2451 976 2485 articulatim
991 2449 1161 2483 dividunt:
1187 2454 1287 2493 caput
1303 2449 1370 2493 pilo
1388 2448 1487 2481 fixum
1501 2445 1694 2479 inum-ibus

276 2498 506 2538 constituunt,
529 2497 692 2530 Romanos
717 2495 914 2535 irridentes,
947 2495 1035 2539 quod
1058 2505 1169 2527 eorum
1190 2494 1423 2538 Imperatorem
1447 2491 1600 2525 victimae
1625 2489 1694 2522 ritu

275 2543 539 2576 obtruncassent.
572 2540 648 2574 Has
659 2540 798 2573 Ioannes
817 2540 979 2584 Magister
998 2550 1122 2583 poenas
1137 2538 1297 2572 scelerum
1311 2538 1348 2572 in
1362 2537 1462 2571 aedes
1479 2546 1591 2570 sacras
1607 2544 1694 2567 com-

274 2588 445 2621 missorum
465 2586 560 2626 tulit,
591 2590 629 2618 ut
653 2596 674 2618 a
700 2585 814 2618 furore
837 2585 1053 2618 barbarorum
1080 2584 1331 2628 opprimeretur.
1378 2580 1511 2615 Etenim
1538 2577 1693 2612 ecclesias

273 2632 393 2665 multas
417 2632 452 2665 in
471 2630 600 2665 Moesia
615 2632 765 2664 vastasse
785 2629 930 2671 dicitur,
960 2639 1137 2673 earumque
1155 2632 1281 2662 vestem
1296 2630 1332 2661 et
1349 2637 1429 2661 vasa
1453 2634 1550 2658 sacra
1575 2623 1610 2656 in
1623 2621 1695 2666 pri-

274 2681 385 2709 vatam
403 2675 639 2720 supellectilem
660 2673 876 2708 convertisse.

361 2722 393 2755 6.
416 2721 518 2754 Russi
535 2718 857 2753 eiusmodi-victoria
875 2717 965 2758 elati,
989 2717 1150 2762 postridie
1167 2717 1239 2751 eius
1254 2716 1323 2750 diei
1338 2714 1459 2760 oppido
1477 2711 1615 2756 egressi,
1635 2709 1696 2745 ad-

273 2775 371 2799 versa.
402 2765 475 2800 acie
499 2765 741 2800 constiterunt:
772 2763 917 2809 itemque
942 2762 1100 2805 Romani,
1122 2762 1156 2796 in
1180 2763 1281 2798 altum
1298 2771 1436 2796 cuneum
1449 2756 1609 2798 conferti,
1632 2756 1695 2790 ob·
