1768 3034
266 117 362 164 152
742 122 944 167 LEOMS
971 122 1208 166 DIACONI

54 238 87 269 A.
106 237 149 268 Μ.
168 236 257 270 6480
268 231 386 286 ξίφη,
423 231 488 272 καὶ
507 228 820 280 οὕτωςὲαυτοῦς
839 230 1025 285 ἀναιρεῖν.
1068 233 1190 271 τοῦτο
1216 227 1260 271 δὲ
1285 225 1527 285 πράττουσι,
1564 224 1685 278 δόξαν

93 283 159 314 ¹¹¹⁶·
180 281 222 316 15
267 298 491 351 κεκτημένοι
510 296 720 351 τοιαύτην·
759 298 859 352 φασὶ
881 297 958 351 γὰρ
979 294 1073 344 τοὺς
1101 295 1200 350 πρὸς
1229 299 1310 337 τῶν
1342 296 1528 338 ἐναντίων
1559 312 1684 337 κατα-

263 365 531 417 κτεινομένους
557 366 598 405 ἐν
626 371 709 412 τοῖς
735 363 942 415 πολέμοις,
978 362 1080 415 μετὰ
1109 362 1180 403 τὸν
1198 360 1325 417 μόρον
1354 364 1420 403 καὶ
1446 362 1519 416 τὴν
1543 363 1586 403 ἐκ
1605 367 1683 404 τῶν

264 429 460 484 σωμάτων
481 429 669 481 διάζευξιν
687 434 767 471 τῶν
785 433 928 482 ψυχῶν
949 429 988 470 ἓν
1009 427 1109 486 ᾅδου
1130 435 1214 477 τοῖς
1232 428 1447 477 αὐθένταις
1462 426 1679 485 ὖπηρετεῖν.
1764 479 1766 482 v

267 495 558 552 Ταυροσκύθαι
578 498 633 547 δὲ,
659 496 732 550 τὴν
749 493 939 549 τοιαύτην
958 493 1129 544 δεδιότες
1145 497 1345 551 λατρείαν,
1372 495 1717 550 ἂποστυγοῦντες5
1763 492 1768 553 ξ

265 564 309 605 δὲ
336 566 400 605 καὶ
420 570 503 611 τοῖς
525 563 754 617 ἀναιροῦσιν
777 562 925 611 αὐτοὺς
948 563 1214 617 ἐξυπηρετεῖν,
1248 566 1322 616 τῆς
1352 560 1504 604 ἑαυτῶν
1520 566 1687 617 σφαγῆς

230 628 491 685 Βαῦτόχειρες
507 631 692 683 γίνονται.
738 629 841 671 ἀλλὰ
861 626 1025 682 τοιαύτη
1043 630 1115 682 μὲν
1132 627 1157 683 ἦ
1177 627 1473 684 ἓπικρατήσασα
1493 629 1532 671 ἓν
1553 629 1687 677 αὐτοῖς

268 695 377 744 δόξα.
426 694 515 737 τότε
536 697 591 747 δὲ,
628 700 709 738 τῶν
727 701 799 737 τοῦ
817 695 1009 750 ἄρχοντος
1026 694 1152 750 λόγων
1173 693 1425 746 ἀκούσαντες,
1463 693 1687 752 φιλοψυχό-

264 779 371 803 ’τατα
391 762 460 803 τὸν
482 760 581 818 ὖπὲρ
611 767 683 815 τῆς
698 767 811 818 σφῶν
830 764 1028 817 σωτηρίας
1045 763 1245 817 αἱρεῖσθαι
1263 764 1443 804 κίνδυνον
1458 764 1688 804 κατετίθεν-

267 845 328 880 το,
341 828 527 880 ἐκθύμως
540 846 580 870 τε
594 829 692 884 πρὸς
702 829 773 883 τὴν
782 828 1002 882 Ῥωμαϊκὴν
1015 827 1307 878 ἀντιτάξασθαι
1320 827 1500 882 δύναμιν.
1528 834 1576 884 τῇ
1589 832 1684 883 γοῦν
1698 840 1741 872 10
1759 842 1768 884 1

266 893 456 953 ὑστεραίᾳ
476 895 586 951 (ἕκτη
605 897 647 936 δὲ
665 891 713 949 ἦν
730 901 802 949 τῆς
822 893 1047 949 ἑβδομάδος
1064 894 1192 950 ἡμέρα
1201 906 1225 946 ,”
1251 897 1317 936 καὶ
1339 894 1476 937 εἰκάδα
1495 894 1687 950 τετάρτην

264 961 434 1015 ἤλαυνεν
455 960 475 1002 ὃ
504 961 666 1010 Ἰούλιος
692 961 805 1019 μήν),
843 964 929 1017 περὶ
949 962 1183 1017 καταφορὰν
1203 961 1317 1010 ὄντος
1343 960 1480 1016 ἡλίου,
1515 963 1688 1003 πανσυδὶ

263 1033 338 1082 τῆς
351 1027 500 1076 πόλεως
518 1028 745 1078 ἐξελθόντες
765 1029 802 1070 οἱ
818 1027 1121 1084 Ταυροσκύθαι,
1137 1030 1255 1070 παντὶ
1269 1029 1401 1070 σθένει
1421 1026 1687 1070 διακινδυνεύ-

267 1112 321 1135 ειν
343 1093 536 1150 ᾑροῦντο,
569 1098 622 1144 εἷς
641 1094 826 1151 φάλαγγα
853 1095 1049 1150 καρτερὰν
1071 1097 1403 1147 συνασπίσαντες,
1440 1097 1506 1137 καὶ
1530 1100 1687 1151 προβα-

266 1160 399 1210 λόντες
420 1162 513 1210 τοὺς
532 1161 712 1210 ἄκοντας.
754 1160 973 1218 Ῥωμαίους
996 1163 1039 1203 δὲ
1059 1160 1249 1211 διατάξας
1276 1160 1297 1203 ὃ
1316 1162 1502 1215 βασιλεὺς
1521 1160 1685 1217 ὑπεξῆγε
1699 1171 1740 1206 15
1761 1164 1768 1208 ἑ

208 1227 340 1269 Ὀτοῦ
363 1226 554 1283 χάρακος.
608 1228 689 1282 ἤδη
717 1229 760 1269 δὲ
786 1233 858 1282 τῆς
884 1227 1016 1282 μάχης
1040 1228 1374 1285 καταρραγείσης,
1411 1227 1618 1284 εὐρώστως
1648 1229 1687 1270 οἳ
1766 1238 1768 1286 J

265 1293 424 1337 Σκύθαι
451 1293 659 1348 Ῥωμαίοις
697 1294 887 1350 ἐπῄεσαν,
933 1303 1017 1344 τοῖς
1055 1312 1097 1336 τε
1134 1296 1329 1343 ἀκοντίοις
1358 1293 1575 1349 σινόμενοι,
1619 1297 1687 1336 καὶ
1715 1349 1720 1354 Ι
1760 1314 1768 1352 ²}

264 1368 347 1409 τοῖς
367 1362 496 1414 βέλεσι
515 1362 610 1410 τοὺς
624 1363 770 1410 ἵππους
790 1360 1092 1417 τιτρώσκοντες,
1132 1364 1198 1403 καὶ
1218 1362 1312 1410 τοὺς
1336 1361 1526 1415 ἐπιβάτας
1542 1364 1596 1411 εἷς
1612 1366 1686 1416 γῆν
1728 1408 1730 1410 ‚
1763 1366 1768 1372 ’

265 1427 594 1481 καταβάλλοντες.
657 1430 836 1470 ἐνταῦθα
874 1426 895 1469 ὃ
926 1433 976 1484 τῇ
1006 1429 1223 1486 προτεραίᾳ
1253 1428 1490 1483 ἢριστευκώς
1520 1429 1687 1482 Ἀνεμᾶς
1764 1484 1768 1490 Ἴ

265 1497 331 1536 καὶ
350 1494 418 1536 τὸν
437 1494 620 1550 ’Ἰκμορον
639 1496 917 1546 κατακτείνας,
955 1495 1025 1536 τὸν
1048 1493 1393 1550 Σφενδοσθλάβον
1414 1495 1510 1537 ἰδὼν
1539 1494 1768 1544 ἔνθου-2044

265 1563 418 1609 σιωδῶς
447 1561 549 1602 κατὰ
580 1559 784 1614 Ῥωμαίων
813 1560 997 1617 ὁρμῶντα
1025 1563 1091 1602 καὶ
1116 1566 1314 1614 μανικῶς,
1361 1563 1427 1603 καὶ
1460 1562 1533 1611 τὰς
1562 1560 1687 1603 αὑτοῦ
1766 1555 1768 1560 ¹

266 1626 581 1684 ἐπιρρωιινύοντα
606 1627 832 1685 φάλαγγας,
864 1628 933 1669 τὸν
948 1622 1070 1669 ’ἵππον
1086 1627 1354 1683 παρεξελάσας
1375 1626 1620 1684 (εἰθισμένον
1644 1629 1688 1670 δὲ

265 1690 314 1747 ἦν
333 1695 443 1751 αὐτῷ
463 1699 581 1736 τοῦτο
605 1697 705 1752 δρᾷν
715 1727 730 1746 ,
762 1697 827 1736 καὶ
847 1696 1053 1743 πλείστους
1069 1699 1149 1737 τῶν
1172 1699 1345 1737 Σκυθῶν
1363 1693 1529 1751 τοιούτῳ
1550 1693 1687 1752 τρόπῳ

56 1764 122 1797 Pol.
139 1760 207 1798 314
228 1761 393 1803 ν·ἇιέῖλε
413 1762 460 1803 τὸ
482 1760 719 1820 πρότερον),
758 1760 854 1816 ὅλην
881 1759 995 1816 ἦνίαν
1017 1766 1073 1819 τῷ
1092 1763 1201 1819 ἵππῳ
1227 1762 1330 1811 ἀνεὶς
1353 1759 1407 1811 ὥς
1427 1761 1550 1804 αὐτὸν
1570 1761 1682 1813 ἴεται,

352 1890 410 1924 20.
431 1885 609 1933 ”Ικμορον.
652 1890 764 1934 Supra
776 1890 834 1926 92.
851 1890 893 1925 Β.
908 1887 1065 1935 Ἴκμορα.

264 2010 358 2032 scera
373 2001 660 2041 transverberare,
685 2012 787 2045 seque
801 2001 895 2045 ipsos
912 2001 960 2035 sic
977 2000 1176 2035 interimere.
1219 2000 1259 2034 Id
1274 2000 1420 2042 faciunt,
1443 1998 1532 2045 quod
1554 1999 1685 2044 opinio-

263 2055 337 2077 nem
353 2044 475 2077 habent
494 2045 673 2078 eiusmodi:
697 2046 789 2079 aiunt
805 2045 834 2078 si
854 2047 911 2090 qui
933 2047 967 2079 in
983 2046 1068 2079 bello
1086 2047 1128 2079 ab
1146 2046 1294 2079 hostibus
1313 2046 1515 2085 occidantur,
1538 2056 1596 2078 eos
1610 2049 1686 2089 post

266 2093 402 2121 mortem
430 2089 676 2133 animorumque
699 2102 719 2123 a
747 2091 940 2134 corporibus
966 2091 1144 2124 discessum
1171 2090 1440 2123 interfectoribus
1458 2089 1544 2133 apud
1560 2090 1687 2123 inferos

265 2132 402 2165 servire.
451 2133 556 2172 Quem
574 2134 762 2168 famulatum
780 2141 952 2175 verentes,
977 2136 1228 2179 Tauroscythae
1241 2159 1251 2175 ‚
1274 2135 1385 2178 potius
1401 2145 1498 2178 quam
1514 2145 1686 2178 percusso-

264 2177 356 2210 ribus
373 2177 440 2209 suis
458 2178 665 2218 ministrent,
687 2180 738 2212 rei
755 2181 934 2213 remedium
949 2180 1138 2213 voluntaria
1151 2184 1254 2212 morte
1269 2184 1440 2223 quaerunt.
1485 2179 1580 2212 Haec
1596 2177 1686 2223 apud

264 2221 341 2254 illos
367 2222 506 2254 invaluit
525 2223 708 2265 persuasio.
754 2225 851 2257 Tunc
867 2236 948 2257 vero
961 2249 971 2265 ‚
995 2224 1108 2257 audita
1128 2224 1218 2267 regis
1233 2224 1400 2264 oratione,
1423 2223 1510 2256 laete
1529 2235 1608 2256 suae
1631 2234 1686 2256 sa-

265 2265 344 2299 lutis
362 2277 461 2299 causa
483 2267 593 2299 subire
609 2267 789 2310 periculum
805 2269 1042 2308 decreverunt,
1066 2280 1167 2312 seque
1186 2269 1220 2301 vi
1238 2269 1455 2301 Romanorum
1474 2268 1608 2301 fortiter
1624 2279 1686 2312 op-

265 2321 400 2354 ponere.
446 2311 562 2354 ltaque
579 2313 743 2355 postridie
763 2312 834 2345 eius
852 2313 919 2346 diei
940 2314 1018 2357 (qui
1033 2313 1105 2346 dies
1123 2316 1195 2346 erat
1223 2314 1427 2356 septimanae
1443 2317 1578 2352 sextus,
1602 2323 1633 2345 a.
1649 2313 1685 2345 d.

265 2365 303 2387 rx
320 2355 386 2388 kal.
406 2355 589 2398 August),
613 2355 677 2388 iam
702 2357 745 2390 ad
762 2368 911 2390 occasum
935 2363 1095 2401 vergente
1119 2357 1208 2397 sole,
1240 2368 1313 2390 cum
1341 2357 1487 2390 omnibus
1515 2356 1620 2400 copiis
1644 2367 1686 2389 ex

265 2399 388 2443 oppido
405 2400 531 2443 egressi
546 2399 626 2432 totis
647 2400 773 2433 viribus
791 2402 970 2446 confligere
987 2407 1154 2435 statuuntz
1178 2402 1282 2434 aciem
1306 2401 1501 2434 condensam
1524 2401 1685 2443 dirigunt,

265 2443 398 2476 infestis
418 2444 505 2487 pilis.
552 2444 679 2477 Contra
694 2445 878 2488 Imperator
904 2445 1023 2479 milites
1037 2446 1217 2479 instructos
1233 2458 1275 2479 ex
1291 2445 1410 2479 castris
1424 2445 1547 2479 educit.
1579 2446 1687 2479 Prae-

265 2487 309 2520 lio
329 2489 516 2528 commisso,
549 2488 684 2521 fortiter
698 2490 845 2532 Scythae
870 2490 906 2523 in
925 2491 1088 2525 Romanos
1115 2491 1271 2533 impetum
1294 2491 1465 2528 fecerunt,
1487 2490 1536 2522 ita
1563 2494 1602 2522 ut
1626 2500 1686 2522 no-

264 2537 352 2564 stros
371 2533 447 2575 pilis
468 2532 682 2576 configerent,
706 2534 783 2566 telis
801 2545 903 2576 equos
920 2535 1154 2575 vulnerarent,
1177 2546 1387 2578 sessoresque
1402 2533 1592 2566 deficerent.
1635 2532 1687 2565 lbi

262 2577 403 2610 Auernas
420 2577 487 2618 ille,
503 2577 562 2621 qui
579 2577 689 2621 pridie
705 2589 859 2611 summam
873 2578 1028 2611 virtutem
1044 2580 1171 2612 Icmore
1185 2580 1293 2612 occiso
1307 2578 1535 2623 praestiterat,
1556 2577 1687 2619 Sphen-

266 2620 473 2655 dosthlabum
493 2622 704 2665 conspicatus
725 2627 848 2655 temere
867 2623 1093 2666 effrenateque
1110 2624 1275 2656 Romanos
1298 2622 1504 2656 invadentem
1517 2645 1527 2661 ‚
1548 2620 1687 2663 phalan-

266 2675 390 2708 gesque
410 2666 517 2710 ipsius
535 2667 759 2701 cohortantem
771 2691 782 2708 ,
806 2678 1021 2711 prorumpens
1041 2680 1077 2701 se
1094 2679 1178 2712 equo
1194 2667 1303 2711 (quod
1328 2670 1545 2701 consueverat
1562 2665 1685 2704 facere,

265 2708 487 2755 plurimosque
505 2711 706 2756 Scytharum
724 2711 787 2745 hoc
807 2716 905 2757 pacto
920 2711 985 2745 iam
1002 2712 1094 2757 prius
1112 2712 1336 2758 protriverat)
1365 2710 1481 2745 effusis
1496 2709 1635 2743 habenis
1650 2708 1687 2742 in
