1748 3094
280 147 383 196 440
635 185 638 189 -
733 156 780 203 C.
806 158 853 202 B.
882 155 1036 203 HASII
1060 158 1260 204 NOTAE

249 260 393 299 Cunde
411 258 694 314 Lexicographi
723 273 843 312 aeque
860 266 908 299 ut
929 262 1183 301 Grammatici
1199 262 1358 315 seligere
1379 278 1481 319 quae
1493 265 1715 317 velint,et

279 316 524 369 expendere,
553 324 592 355 et
611 324 840 357 convertere
855 317 905 356 ad
921 331 1014 356 usus
1035 331 1127 357 suos
1144 319 1310 371 possint.
1432 355 1440 360 s

389 375 497 424 Pag.
525 372 593 418 57.
626 374 698 412 lin.
729 377 794 416 19.
823 389 893 414 τον
913 370 1226 443 αυτοφονευτήν]
1255 375 1413 415 Dedisse
1425 390 1558 416 veram
1579 377 1714 416 lectio-

278 441 369 467 nem
386 429 540 480 opinor,
569 442 791 480 quanquam
808 429 852 467 in
876 429 971 468 Cod.
988 431 1042 468 sit
1057 426 1350 484 αὕτοφονατὴν,
1368 446 1585 485 vocemque
1600 449 1715 474 αυτο-

279 481 476 548 φονεντὴς
497 485 640 523 eruditi
659 485 815 524 dubiam
837 492 1108 537 carentemque
1133 487 1366 526 auctoritate
1385 495 1541 540 putent.
1594 490 1715 528 Inve-

278 540 391 578 nitur
410 540 519 606 apud
536 542 574 581 S.
604 541 789 582 Clement.
806 542 918 580 Rom.
942 542 1120 581 Constitt.
1141 543 1365 595 Apostolor.
1384 546 1464 588 130
1483 558 1618 583 verso.-
1645 545 1714 586 καὶ

279 591 471 647 Καϊαφας
491 592 655 649 ὕστερον
681 594 974 666 αὕτοφονευτὴς
995 598 1138 639 ἑαυτοῦ
1159 598 1320 651 ἐγένετο.
1374 600 1536 640 Formas
1555 602 1715 654 elegan-

276 651 398 690 tiores
418 648 642 702 αὖτοφόνος
663 659 778 705 atque
798 650 1048 705 αὕτοφόντης
1066 653 1211 693 habent
1231 655 1387 694 Lexica.

388 709 494 758 Pag.
523 709 588 751 58.
618 710 687 748 lin.
719 713 785 753 19.
810 709 878 749 καὶ
898 707 1075 762 εὔβοτος]
1105 708 1308 762 Εὔβοτος,
1338 711 1447 763 quod
1462 712 1620 765 reposui
1635 727 1714 766 pro

211 796 220 803 .
275 762 471 816 scriptura
492 764 585 801 cod.
604 763 769 813 εὕωτος,
796 765 962 803 iteratur
979 779 1135 832 quoque
1151 766 1218 808 41.
1238 767 1285 806 Α.

386 821 492 870 Pag·
511 820 582 863 59
599 821 670 860 lin.
688 823 727 863 3.
744 819 914 874 ὑπεξῆγε
931 836 1002 860 του
987 818 1200 873 χάρακος]
1207 806 1386 861 Praeivit
1397 823 1576 874 Agathias
1588 824 1655 867 42.
1667 825 1713 863 Ι).

387 874 491 916 Ibid.
520 874 609 917 ead.
638 877 712 915 lin.
741 876 784 917 ἐν
803 878 1013 931 μεταιχμίῳ
1029 892 1070 916 τε
1083 879 1255 930 καθίστη
1271 876 1342 926 τοὶς
1362 875 1580 934 φάλαγγας]
1609 881 1714 919 Haec

275 930 531 969 Combefisius
548 932 671 971 vertit
693 932 759 971 IV.
779 947 820 998 Ρ.
838 935 910 976 12:
940 917 1171 984 mediusque
1189 935 1290 971 inter
1307 935 1428 973 cohor
1427 942 1485 973 tes
1501 938 1621 975 stetit.

272 1042 307 1082 Δ
373 986 607 1085 11ΙΙηάἶζξΒ
518 987 591 1028 lin
619 991 659 1033 9.
687 984 897 1042 σφαδαζων
914 1003 956 1030 τε
975 991 1031 1045 τῷ
1050 989 1194 1045 θυμω]
1221 986 1501 1042 Σφαδάζοντες
1515 994 1573 1049 τῷ
1591 993 1715 1049 43·va
1740 1014 1744 1018 ⁴

333 1048 373 1080 at
402 1056 457 1080 las
505 1043 592 1085 2.Β

307 1055 332 1094 g
386 1098 488 1139 [bid.
518 1099 588 1136 lin.
615 1101 683 1144 23.
711 1095 1101 1153 κατοχυρωσᾶμενοι]
1136 1078 1308 1141 Verbum
1344 1099 1593 1157 κατοχυρόω,
1620 1117 1714 1141 mu-

274 1155 362 1204 nio,
391 1157 638 1206 communio,
670 1161 708 1194 et
728 1169 748 1193 e
764 1156 918 1195 Lexicis
935 1158 1061 1207 abest,
1089 1163 1127 1195 et
1143 1171 1194 1196 ex
1213 1158 1485 1210 scriptoribus,
1513 1165 1562 1198 ut
1574 1159 1713 1198 existi-

272 1224 360 1259 mo,
389 1210 573 1261 antiquis.
623 1210 744 1263 Apud
764 1212 1002 1251 recentiores
1018 1213 1178 1263 inveni,
1205 1214 1314 1252 velut
1329 1214 1418 1253 bis
1405 1229 1450 1253 m
1466 1215 1556 1253 Vita
1574 1216 1613 1252 S.
1633 1215 1712 1253 Nili

275 1241 444 1304 iunioris
464 1280 486 1302 a
506 1267 776 1306 contubernali
795 1268 878 1306 eius
898 1269 1073 1320 scripta,
1102 1270 1152 1309 ad
1182 1270 1576 1336 cognoscendumque
1597 1273 1713 1322 Apu-

271 1322 347 1359 liae
365 1335 464 1360 saec.
482 1336 539 1363 lx.
561 1329 708 1361 statum
727 1322 977 1362 vehementer
996 1325 1116 1374 utilis,
1146 1329 1210 1368 62
1228 1326 1273 1366 Β.
1301 1322 1421 1366 πάλιν
1436 1323 1725 1393 umoxvqnio'otg

280 1375 421 1417 ἔαυτόν
441 1380 493 1446 τῇ
521 1376 618 1431 πρὸς
641 1376 711 1421 τόν
733 1376 846 1420 όσιον
875 1380 1031 1424 πίστει
1066 1386 1106 1419 et
1133 1384 1199 1423 99.
1225 1381 1270 1420 C.
1306 1378 1591 1432 κατωχυρῶσας
1622 1382 1709 1434 [sic]

238 1431 406 1473 Dav‘wfi
427 1431 500 1484 τὴν
514 1435 680 1487 καρδίαν
698 1437 749 1489 τῇ
767 1436 905 1475 πίστει.
961 1436 1057 1476 Item
1074 1435 1219 1476 semel
1206 1449 1251 1474 m
1272 1436 1363 1476 Vita
1382 1438 1422 1475 S.
1442 1436 1713 1488 Chrysostomi

272 1489 319 1526 ab
339 1502 534 1540 anonymo
559 1490 663 1528 edita
682 1475 783 1532 V1‘11
801 1493 985 1534 320.11.

379 1547 486 1611 Pag.
515 1550 582 1589 60.
610 1546 681 1586 lin.
713 1546 777 1589 14.
807 1545 956 1589 meave).
975 1543 1020 1587 ὃν
1027 1541 1249 1613 ἆραχνιον]
1283 1545 1391 1586 Fort-
1415 1547 1569 1598 legend.
1600 1546 1712 1590 ὦσοῖν

276 1596 366 1642 οἷον
386 1596 597 1653 αροὶχνιον,
624 1601 710 1651 vel,
740 1599 850 1642 ωσαν
869 1598 989 1652 νητὸν
1011 1597 1149 1668 α’ρᾶχν.

380 1658 486 1707 Pag.
515 1660 582 1701 61.
612 1657 683 1699 lin.
712 1657 752 1699 4
781 1655 882 1698 nocto?
903 1653 1120 1710 διαφόρους
1140 1673 1286 1710 μαχας,
1314 1672 1390 1709 την
1406 1655 1625 1710 Ῥωμαϊκὴν
1641 1655 1712 1699 δυ’·

270 1726 391 1763 ναμιν
409 1711 627 1765 τρέποντες]
657 1712 712 1751 Ut
735 1713 780 1755 in
809 1713 920 1754 clade
939 1714 1168 1767 stypiotae,
1196 1727 1274 1767 pro
1300 1713 1389 1768 ipse
1418 1715 1530 1753 Tarsi
1546 1715 1710 1767 oppido.

276 1768 473 1807 Cedrenus
491 1768 538 1807 ΙΙ.
558 1769 652 1812 655.
674 1769 716 1808 C.

382 1822 487 1866 Ibid.
517 1825 588 1864 lin.
619 1827 683 1868 12.
713 1819 938 1875 σχολάζοντι
968 1821 1145 1880 ἄγγελοι,
1172 1822 1275 1877 των]
1312 1823 1544 1879 Transpone
1570 1825 1710 1877 virgu-

272 1879 374 1916 lam2
402 1875 646 1931 σχολάζοντι,
675 1877 759 1933 a'yy.
778 1882 867 1921 τῶν.

382 1938 487 1986 Pag.
517 1939 584 1978 62.
615 1936 686 1977 lin.
716 1938 781 1979 11.
811 1930 946 1987 ἔχω’ρει
968 1931 1069 1975 κατα
1094 1933 1276 1990 Μυσῶν]
1305 1935 1363 1974 De
1387 1942 1578 1989 tempore
1587 1936 1709 1975 huius

271 1988 365 2026 belli
384 2004 474 2027 cum
492 1991 692 2041 Bulgaris,
722 2004 745 2028 a
765 1991 966 2042 plerisque
986 1991 1142 2029 silentio
1168 1992 1454 2042 praetermissi,
1488 1991 1710 2030 difficulta-

271 2050 331 2081 tes
352 2045 544 2085 oriuntur.
600 2048 678 2085 Leo
699 2046 989 2098 expeditionem
1009 2047 1208 2098 Syriacam
1225 2046 1456 2098 Nicephori,
1483 2048 1554 2085 ubi
1569 2049 1709 2086 Antio-

272 2098 360 2138 chia
379 2106 526 2139 tentata
553 2108 631 2152 est,
660 2103 710 2141 ad
730 2117 764 2141 a.
789 2105 881 2145 968.
900 2103 1062 2141 reiicere
1080 2102 1257 2151 videtur,
1288 2103 1438 2143 bellum
1453 2103 1708 2152 Bulgaricum

272 2167 306 2194 a.
337 2158 430 2197 966.
460 2157 613 2206 locare,
649 2171 725 2195 nec
751 2158 831 2196 hoc
867 2157 953 2195 sine
993 2157 1142 2209 specie:
1178 2158 1271 2209 quia
1317 2158 1396 2196 iam
1435 2172 1468 2198 a.
1506 2162 1603 2202 967.
1639 2173 1708 2199 re·-

268 2211 428 2262 pentina
444 2212 658 2259 Russorum
678 2214 739 2251 vis
764 2214 808 2251 in
833 2212 1051 2263 Bulgariam
1078 2212 1228 2261 ingruit
1247 2210 1302 2265 (v.
1326 2213 1450 2264 Engel
1478 2215 1707 2253 Geselaichte

270 2265 339 2304 de..-
381 2267 625 2318 Ungrisclzen.
648 2269 797 2308 Reiclzs
832 2268 920 2306 und
952 2271 1077 2306 seinan-
1108 2268 1381 2307 Mbenlc‘inder
1411 2269 1442 2307 Ι.
1466 2272 1561 2312 363.
1593 2271 1636 2309 Β.
1666 2276 1709 2309 et

269 2321 454 2360 Schl'ozer
482 2324 651 2369 Nestor,
679 2325 743 2362 od.
767 2325 987 2364 Raasisclze
1005 2324 1193 2362 Annalem
1209 2327 1254 2362 in
1269 2325 1334 2362 ihr
1335 2339 1376 2362 et
1397 2325 1706 2377 Grundapraelae

267 2376 425 2421 V.128
449 2375 524 2432 B.).
583 2379 759 2417 Eundem
779 2394 825 2418 01
828 2380 957 2418 dinem
974 2386 1194 2431 temporum
1218 2381 1379 2430 Pagium
1397 2381 1447 2419 ad
1463 2382 1604 2420 Annal.
1624 2382 1705 2419 Ba-

117 2429 245 2467 P·215
267 2447 354 2471 r.on
373 2434 439 2472 IV.
460 2437 524 2476 13.
543 2433 586 2472 B.
606 2441 644 2472 et
666 2438 729 2478 19.
754 2435 794 2473 C.
814 2436 1064 2474 constituisse
1083 2435 1211 2473 video.
1269 2438 1412 2474 Contra
1437 2437 1634 2475 Gedrenus
1655 2437 1702 2476 11.

268 2489 364 2532 655.
386 2490 431 2528 D.
451 2489 592 2528 diserte
608 2489 674 2539 ait,
700 2490 965 2541 Nicephorum
978 2505 1060 2529 non
1076 2492 1169 2539 968,
1191 2491 1259 2529 sed
1274 2492 1391 2530 tertio
1408 2491 1563 2543 imperii
1583 2505 1701 2541 anno,

268 2546 338 2596 qui
357 2551 415 2583 est
434 2558 468 2583 a.
489 2548 585 2594 966,
613 2545 779 2583 intrasse
798 2546 961 2596 Syriam,
987 2546 1314 2598 Antiochiamque
1332 2553 1522 2596 tentasse3
1550 2548 1703 2585 eadem-

268 2612 343 2650 que
367 2601 656 2652 computatione
679 2601 731 2638 Le
749 2601 853 2639 Beau
870 2615 963 2639 usus
985 2608 1054 2650 est,
1082 2603 1193 2642 Hist.
1214 2602 1270 2640 da
1282 2603 1579 2652 Bas-Ernpire,
1595 2603 1700 2641 XVI.

268 2656 360 2697 114.
390 2657 431 2694 C.
459 2656 771 2696 Controversiam
799 2656 946 2694 dirimit
964 2657 1232 2696 testimonium
1251 2658 1484 2710 Luitprandi
1505 2658 1631 2708 Legat.
1650 2659 1702 2696 ad

265 2710 425 2762 niceph.
448 2712 568 2752 Phoc.
594 2711 685 2756 148.
712 2711 753 2752 C.
794 2711 861 2763 qui
886 2711 1152 2763 Nicephorum
1179 2726 1308 2752 mense
1335 2716 1512 2763 Augusto,
1539 2727 1575 2752 a.
1606 2716 1697 2756 968.

263 2766 307 2805 in
332 2767 618 2819 expeditionem
650 2767 847 2821 Syriacam
875 2767 1188 2820 proficiscentem
1223 2769 1438 2821 conspexit.
1496 2768 1699 2808 Caeterum
