1760 3034
422 159 700 204 NOMINUM
727 162 806 206 ET
834 162 1178 237 VERBORUM3

108 260 208 296 chiae
225 260 466 306 designandum
478 263 600 304 101,5.
617 263 764 309 Polyeu-

108 311 184 341 σω·
208 307 402 351 patriarcha
424 307 565 342 moritur
600 309 683 343 ibid.
707 312 761 346 10.

106 352 243 397 quaudo
263 351 349 393 461,
375 351 408 388 4.

61 397 191 443 Pompa
208 410 230 432 a
247 398 444 443 Nicephoro
465 397 582 435 Phoca
599 375 762 443 lmpssfe-
804 422 811 434 .-

108 448 162 478 sto
191 443 407 478 Ascensionia
437 447 536 478 extra
564 455 675 478 muros
715 445 760 480 ad

28 517 30 519 .
106 487 234 533 Pegam
250 493 327 523 acta
341 488 407 530 64,
429 490 487 524 22.

60 532 196 569 Hdvmv
220 545 397 579 perperam
419 534 581 578 scriptum
604 545 666 579 pro
690 531 760 571 πό-

107 591 182 623 ρων
200 581 264 621 68,
289 581 343 616 13-

60 624 152 660 Pons
169 625 205 660 in
221 635 358 659 recessu
374 627 492 669 portus
509 623 662 668 Cplitani
680 626 758 666 129,

106 672 164 712 13.
186 674 306 716 pontes
332 675 404 703 tres
422 670 515 703 intra
533 669 676 703 Tarsum
689 694 701 711 ‚
722 670 758 704 in

106 716 227 761 Cydno
254 715 343 749 amni
365 716 433 756 51,
461 715 520 750 23.
554 714 597 749 ad
624 724 757 759 pontem

106 761 230 806 Cydni,
246 772 313 805 quo
323 759 473 794 Adanam
484 759 562 800 itur,
583 759 757 805 Nicepho—

105 807 137 840 ri
154 807 287 840 Phocae
303 806 436 839 maioris
463 811 575 838 castra
599 804 679 843 242.
704 807 758 842 16.

0 867 1 870 “
65 851 210 886 Pontani
242 852 357 896 lapsus
391 851 427 884 in
458 850 616 884 versione
642 851 758 885 Theo·

131 897 257 941 hylacti
276 896 481 930 Simocattae
499 896 565 930 511
578 920 589 936 ‚
611 898 645 931 9.

60 909 224 977 inibonto
243 941 381 975 classem
400 940 531 986 Ingoris
546 941 627 984 igne
645 942 758 976 Grae-

106 999 147 1022 co
170 988 366 1020 comburunt
384 985 523 1020 Romani
548 984 634 1026 144,
656 988 690 1021 5.
721 986 757 1020 in

104 1033 245 1067 eundem
262 1032 374 1066 influit
388 1032 476 1065 Ister
493 1032 597 1064 amnis
614 1033 698 1073 130,
722 1033 757 1067 2.

103 1078 245 1112 Pontum
256 1078 396 1111 ducibus
407 1088 426 1109 a
437 1089 474 1110 se
487 1076 598 1110 missis
618 1088 759 1121 praeoc-

104 1135 228 1204 cupafie
255 1129 396 1204 clolnaur
424 1121 638 1166 Nicephorus
666 1123 756 1156 Pho-

102 1181 160 1202 caz
311 1194 319 1201 .

59 1193 268 1259 Porphyriils
293 1213 347 1248 De
374 1211 576 1247 abstinentia
601 1211 757 1247 emenda-

103 1266 159 1294 tus
174 1261 262 1301 399,
287 1260 340 1294 15.

58 1316 123 1351 per
138 1305 272 1338 Portam
288 1315 422 1338 auream
434 1305 651 1350 Nicephorus
663 1306 757 1340 Pho-

103 1361 162 1383 cas
187 1350 268 1395 Imp.
295 1350 405 1394 Cplim
425 1351 616 1394 ingreditur
634 1351 701 1393 48,
723 1353 755 1388 3.

58 1394 95 1430 in
114 1395 221 1429 Portu
239 1396 268 1429 C
294 1395 398 1429 litano
423 1396 579 1430 triremes
594 1397 757 1441 igniferas

104 1440 226 1474 lustrat
283 1452 409 1474 oannes
447 1441 634 1475 Tzimisces
671 1442 755 1486 Imp.

105 1488 192 1527 129,
219 1488 271 1520 10.
295 1492 413 1530 portus
429 1486 628 1531 Eutropiani
647 1488 756 1530 ampla

104 1531 291 1575 descriptio
322 1533 412 1572 511,
444 1533 497 1566 15.
539 1538 656 1577 portus
690 1534 757 1566 So-

105 1576 207 1621 phiae
226 1577 260 1609 in
279 1582 377 1620 parte
397 1577 536 1610 australi
555 1578 679 1622 Cpleos
699 1580 756 1619 83,

103 1623 161 1656 23.
194 1625 314 1665 portus
338 1627 430 1654 tutus
455 1622 588 1666 Tripoli
610 1625 696 1665 168,
720 1625 755 1659 7.

59 1667 125 1700 sub
140 1666 390 1700 praefectorum
417 1677 478 1710 per
499 1667 665 1711 illyricum
684 1667 755 1702 dis-

104 1711 274 1757 positione
314 1716 410 1744 erant
451 1711 518 1745 viri
552 1713 756 1756 spectabiles

103 1756 227 1790 Scrinii
244 1756 362 1789 Dacici
378 1758 463 1796 508,
486 1757 518 1790 8.
546 1759 755 1801 praesectum

103 1802 252 1846 vigilum.
273 1813 294 1835 a
315 1801 509 1845 Nicephoro
524 1802 639 1836 Phoca
656 1814 752 1836 crea-

103 1852 196 1888 tum,
227 1852 425 1880 exauctorat
451 1846 594 1881 Ioannes
623 1847 753 1882 Tzimi-

105 1903 180 1926 sees
198 1894 264 1931 95,
285 1893 341 1926 23.

57 1936 228 1972 Praelium
247 1937 336 1970 inter
357 1937 584 1980 Nicephorum
605 1937 753 1971 Phocam

103 1983 261 2017 maiorem
290 1986 325 2015 et
350 1983 538 2016 Saracenos
561 1983 754 2017 Adanenses

101 2028 183 2069 242,
206 2029 239 2062 5.
263 2027 353 2060 inter
369 2029 497 2061 Arabes
517 2028 699 2061 Cretenses
719 2031 755 2061 et

101 2073 334 2117 Nicephorum
387 2073 532 2106 Phocum
581 2073 753 2112 iuniorem,

101 2118 237 2152 Bardae
263 2118 325 2157 ΕΣ,
356 2117 389 2150 in
418 2118 557 2151 insulam
583 2118 755 2162 appellen-

102 2167 170 2197 tem
187 2164 229 2203 8,
257 2165 287 2197 1.
313 2163 413 2206 [265,
439 2163 508 2206 18.]
534 2163 694 2207 praelium
711 2162 755 2197 ad

106 2207 315 2251 cylindrum,
338 2209 427 2242 inter
445 2209 591 2242 Leonem
610 2208 754 2242 Phocam

104 2258 140 2286 et
157 2253 406 2286 Chambdanum
422 2255 484 2295 22,
511 2252 564 2288 14.
587 2251 675 2294 514,
697 2255 754 2288 26.

105 2297 149 2331 de
167 2296 282 2330 eodem
310 2298 437 2341 praelio
462 2300 682 2342 fragmentum
701 2299 754 2331 in—

104 2342 230 2376 editum
253 2341 320 2378 418
333 2367 342 2382 ‚
366 2345 397 2377 8.
423 2345 582 2388 praelium
601 2343 643 2377 ad
663 2344 754 2377 Tar-

107 2399 196 2427 sum,
238 2387 326 2421 inter
355 2388 584 2431 Nicephorum
610 2389 755 2422 Phocam

102 2432 188 2476 Imp.
216 2437 252 2466 et
277 2433 405 2466 Arabes
428 2435 495 2474 59,
515 2436 550 2469 2.
574 2433 616 2467 ad
646 2438 755 2467 Arca-

104 2477 263 2521 diopolim
273 2502 283 2518 ‚
306 2477 395 2511 inter
410 2479 576 2512 Romanos
591 2479 652 2512 sub
669 2479 755 2512 Bar-

103 2522 150 2556 da
178 2522 297 2556 Sclero
337 2528 373 2556 et
412 2524 538 2557 Russus
579 2527 664 2564 109,
702 2525 755 2558 15.

103 2568 265 2613 praelium
298 2568 437 2611 primum
470 2569 514 2602 ad
542 2568 757 2612 Dorystolum

106 2611 196 2653 140,
222 2611 276 2647 14.
300 2613 433 2656 quando
451 2614 574 2647 sactum
589 2614 675 2655 473,
702 2617 756 2648 11.

104 2659 285 2691 secundum
316 2656 405 2697 143,
430 2659 483 2693 19.
514 2659 651 2693 tertium
680 2658 755 2700 144,

105 2703 161 2737 16.
204 2710 355 2748 quartum
393 2701 478 2743 147,
507 2702 563 2737 24.
605 2704 757 2748 quintum

104 2746 191 2788 148,
222 2749 278 2784 23.
315 2752 445 2782 sextum
474 2751 511 2781 et
533 2747 757 2783 decretorium

1406 161 1503 211 611

863 264 942 305 152,
951 265 1005 301 10.
1012 265 1175 310 praelium
1182 266 1218 301 in
1224 267 1508 306 Pammene-m-

861 320 907 354 po
930 309 1022 345 inter
1032 311 1185 349 'Bardam
1203 313 1351 350 Phocum
1366 321 1403 350 et
1418 316 1507 350 Bar-

861 355 938 389 dam
967 356 1118 391 Selerum
1146 359 1233 399 170,
1271 361 1306 394 2.
1345 361 1507 406 praelium

859 401 1166 482 gropzlgastgllam
1193 404 1360 450 quomodo
1378 407 1508 442 facien-

883 457 935 479 um
1085 473 1095 481 .

812 471 1088 535 Praepositiohes
1122 503 1147 527 a
1179 493 1329 529 librariis
1363 495 1504 532 mimo

856 534 937 576 418,
960 534 1028 574 24..
1038 549 1140 572 voees
1155 539 1397 584 praepositioni
1411 543 1506 579 κατὰ

857 581 1029 662 {ghiwe
1054 594 1158 629 caepe
1192 585 1400 632 depravatae
1424 586 1506 629 462,

810 670 979 725 Praesens
1000 672 1232 728 participium·
1325 687 1416 712 eram
1440 688 1504 724 po-

857 722 958 798 {gpm
977 728 1039 763 pro
1055 724 1145 764 part.
1162 721 1281 754 aonsti
1316 723 1351 764 9,
1366 724 1424 759 20.
1445 726 1504 764 61,

812 817 988 852 Praesidis
1007 818 1172 862 dignitate
1194 796 1373 876 decoratus
1395 835 1418 858 a
1433 816 1503 858 Νῖ-

856 864 1506 949 ῗᾲρὴὲῗοςιιῆἕῗῑῇἷῖὼὲωῗέἳὲῗ

857 934 953 988 silihs
970 934 1072 1007 ’parti’
1088 923 1256 990 exercitus
1274 924 1440 1002 Ipraeest,
1466 959 1505 1002 iu

855 1000 1215 1080 gzssessgzonessontra
1237 1003 1508 1067 Sphendosthla-

810 1089 1021 1124 Praesidium
1031 1070 1059 1124 ’a
1077 1091 1272 1145 Nicephoro
1287 1092 1402 1128 Phooe
1420 1093 1505 1140 Imp.

854 1135 967 1169 Tarso
985 1141 1107 1180 captae
1126 1142 1315 1181 lmposrtum
1336 1140 1379 1175 61
1391 1164 1403 1180 ‚
1425 1141 1460 1175 5.

810 1190 1036 1224 Praesthlaba
1062 1191 1281 1236 Bulgarorum
1306 1194 1405 1238 regia
1426 1197 1506 1237 131,

857 1239 911 1270 10.
933 1235 985 1268 ibi
1005 1236 1083 1269 aula
1102 1237 1198 1280 regia.
1214 1249 1307 1272 muro
1324 1240 1419 1274 firmo
1438 1241 1507 1274 cir·—

857 1280 1013 1314 cumdata
1041 1283 1126 1322 136,
1152 1286 1206 1317 10.
1237 1294 1311 1317 eam
1335 1284 1506 1321 civitatem

858 1326 971 1359 subito
1005 1325 1132 1370 impetu
1158 1327 1235 1371 capi
1260 1339 1361 1372 posse
1388 1336 1506 1375 sperat

855 1371 997 1404 Ioannes
1025 1371 1212 1406 Tzimisces
1237 1373 1320 1417 Imp.
1349 1375 1435 1416 131,
1468 1378 1503 1413 8.

856 1416 901 1449 ad
935 1416 1188 1451 Praesthlabam
1222 1418 1383 1462 praelium
1417 1414 1507 1454 inte'r

854 1460 983 1495 Russus
995 1467 1031 1495 et
1041 1461 1197 1496 Ioannem
1211 1463 1414 1498 Tzimiscem
1427 1467 1506 1506 133,

856 1505 909 1541 14.
935 1506 1188 1542 Praesthlabam
1209 1508 1430 1543 instauratam
1450 1511 1504 1543 Io-

855 1551 1042 1595 annopolim
1073 1553 1221 1596 appellat
1248 1554 1403 1595 Ioannes„
1418 1554 1504 1590 'rzi-

853 1597 973 1630 misces
993 1597 1076 1642 Imp.
1098 1599 1186 1639 138,
1213 1600 1266 1634 18.

808 1652 955 1686 Praetor
967 1652 1080 1696 populi
1097 1653 1181 1698 [vid.
1192 1653 1388 1699 Ducangius
1399 1655 1504 1690 Glos-

853 1708 923 1730 sar.
937 1698 1060 1731 Graec.
1070 1698 1099 1731 Ι.
1117 1700 1216 1733 1218.
1227 1699 1282 1743 0.]
1300 1699 1378 1744 epu
1390 1701 1424 1735 in
1433 1713 1504 1735 mu·

854 1742 969 1775 lierem
989 1743 1169 1777 maleficam
1190 1745 1428 1779 animadvertit
1444 1748 1502 1788 65,

854 1788 888 1821 5.
913 1791 1100 1831 praetorem
1121 1789 1247 1833 populi,
1269 1801 1290 1823 a
1306 1790 1503 1835 Nicephoro

853 1832 970 1865 Phoca
993 1838 1160 1873 creatum,
1183 1841 1383 1870 exauctorat
1399 1836 1500 1871 Ioan-

853 1888 913 1911 nes
929 1877 1117 1912 Tzimisces
1133 1880 1198 1919 95,
1219 1881 1276 1915 22·
1480 1894 1485 1897 “

807 1932 988 1968 Praetoria
1004 1933 1124 1968 cohors
1138 1935 1230 1968 circa
1246 1935 1403 1972 Ioannem
1418 1937 1504 1972 ‘rzi-

853 1979 985 2012 miscem
1019 1978 1103 2024 Imp.
1139 1980 1373 2029 Immortalium
1411 1982 1504 2018 (licta

810 2025 1099 2112 Πέἓῖμίαὲἒὲωι,
1122 2076 1325 2105 mercatam
1346 2073 1423 2113 196,
1448 2074 1502 2108 11.

809 2114 1037 2157 Πρακτευταὶ
1065 2121 1101 2149 et
1128 2115 1339 2162 τρακτευταΙ
1366 2117 1505 2151 conflua

807 2160 1038 2247 Ριξξῖἷιὶοῗιῗὲ,
1062 2205 1209 2240 Sanctus
1224 2206 1261 2240 in
1277 2206 1395 2240 stema
1410 2217 1500 2240 saec.

808 2248 1115 2339 Prsscffffsssgpffgm
1130 2296 1324 2330 emendatus
1339 2293 1420 2335 488,
1444 2295 1500 2329 26.

810 2339 891 2385 Πρὸ
909 2351 1082 2395 perperam
1098 2341 1251 2374 omissum
1265 2343 1328 2383 61,
1354 2342 1407 2375 10.
1429 2338 1501 2383 πρό

855 2391 891 2419 et
909 2398 1000 2427 προς
1019 2387 1158 2419 confusa
1180 2388 1244 2420 166
1257 2410 1266 2427 ,
1290 2386 1345 2419 11.

809 2430 1047 2477 Προβάλομει
1068 2442 1242 2475 perperam
1260 2429 1422 2473 scriptun
1440 2440 1503 2473 pro

854 2474 1125 2523 προσεβάλομεν
1174 2487 1202 2508 s.
1254 2474 1504 2519 προβάλλομεν

811 2523 964 2602 1»ιῖῗέιῖ
966 2547 976 2608 ζ
1008 2564 1125 2610 oppidi
1149 2563 1183 2598 in
1210 2563 1382 2603 Thracia,
1411 2561 1502 2608 apua

856 2613 1037 2656 scriptores
1055 2621 1192 2654 perrara
1210 2608 1332 2641 mentio
1350 2606 1430 2648 475,
1443 2609 1500 2643 45.

811 2657 1036 2704 Προβύσσω,
1059 2654 1153 2688 cuius
1180 2653 1255 2686 vioe
1278 2653 1437 2688 mendo-e
1451 2651 1502 2688 le-

855 2704 949 2747 gitur
960 2697 1181 2745 mosaicam
1202 2696 1292 2738 485,
1313 2699 1370 2733 20.

813 2746 998 2781 Processio.
1050 2745 1134 2779 Viae
1153 2743 1288 2788 Pompa.
