1748 3094
262 132 361 178 364
644 134 984 180 LUITPRANDI
1020 131 1278 179 LEGATIO

261 247 340 279 tur.
394 239 469 278 Sed
486 244 708 289 serventur,
738 239 945 290 inquiunt,
974 243 1014 276 et
1031 249 1231 290 quousque
1260 237 1533 276 Sanctissimus
1551 237 1679 289 Impe—'

261 312 367 346 rator
396 307 657 344 Romanorum
678 305 919 357 Nicephorus
940 305 1037 343 haec
1065 303 1249 343 resciscat
1266 305 1387 355 mala,
1414 304 1524 355 gravi
1547 309 1679 341 custo-

263 372 328 413 dia
355 378 606 411 macerentur.
671 372 770 409 Dum
798 371 893 409 haec
920 371 1193 419 resciscerem,
1232 370 1363 409 felices
1390 383 1475 420 eos,
1496 370 1682 422 ‚quoniam

260 452 470 492 pauperes;
499 452 559 476 me
577 437 769 475 infelicem
782 465 793 486 ,
822 437 911 488 quia
930 436 1089 475 divitem
1104 465 1116 486 ,
1144 436 1328 475 iudicavi.
1383 437 1479 474 Cum
1498 435 1604 474 domi
1620 448 1682 473 es-

261 518 360 555 sem,
388 518 472 543 mea
496 517 557 542 me
574 504 757 542 voluntas
774 516 983 555 pauperem
1002 503 1228 550 excusabat3
1258 502 1592 554 Constantinopoli
1609 514 1682 540 ve-

260 585 307 610 ro
327 571 497 623 positus,
528 570 658 609 Croesi
677 585 739 609 me
758 570 897 608 habere
918 569 1073 609 divitias
1097 569 1218 608 timor
1244 570 1329 621 ipse
1354 568 1516 610 dicebat.
1571 569 1682 605 Sem·

121 642 195 676 Col.
217 642 241 679 2
261 652 333 691 per
352 638 450 675 mihi
472 637 679 689 pauperies
697 637 836 688 gravis,
857 642 954 674 tunc
972 635 1054 673 visa
1071 642 1131 674 est
1146 636 1256 685 levis,
1283 642 1379 674 tunc
1395 640 1565 686 accepta,
1584 639 1682 671 tunc

259 705 536 757 amplectenda.
591 703 867 756 Amplectenda
881 702 1037 752 utique,
1069 715 1167 753 quae
1186 716 1275 740 suos
1301 701 1462 753 perimi,
1491 700 1681 738 subiectos

259 772 335 810 sibi
361 770 546 821 flagellari
567 783 650 808 non
667 771 827 821 patitur.
883 769 933 807 Et
953 768 1043 820 quia
1062 768 1158 807 haec
1182 768 1387 820 paupertas
1407 766 1682 806 Constantino-

258 838 342 891 poli
370 838 499 876 solum
524 850 616 875 suos
638 837 694 874 ita
724 835 918 884 defendit,
949 835 1083 873 eodem
1116 834 1168 873 sit
1199 829 1440 878 solummodo
1475 832 1680 884 diligenda.

258 905 405 955 Igitur,
433 902 673 955 Apostolicis
700 902 854 941 nunciis
881 901 923 939 in
950 914 1141 939 carcerem
1170 901 1345 950 traditis,
1372 900 1578 953 publicana
1611 900 1681 937 illa

260 971 423 1023 epistola
450 968 667 1020 Nicephoro
694 969 737 1006 in
772 967 1086 1021 Mesopotamiam
1119 967 1311 1017 mittitur5
1348 967 1454 1005 unde
1481 979 1601 1017 usque
1631 964 1682 1002 ad
1736 970 1738 972 ’

258 1037 439 1088 quintum
452 1036 544 1074 Idus
564 1035 799 1089 Septembris
818 1047 898 1073 non
918 1040 976 1072 est
999 1047 1179 1072 reversus
1207 1034 1276 1085 qui
1306 1033 1462 1072 afferret
1497 1033 1681 1084 apologe-

258 1104 386 1143 ticum
408 1099 606 1141 nuncium.
662 1102 749 1149 Qua
780 1101 840 1139 die
868 1114 958 1138 cum
978 1100 1142 1150 rediret,
1171 1106 1211 1139 et
1235 1113 1296 1138 me
1322 1101 1481 1148 lateret,
1511 1104 1601 1150 post
1615 1097 1682 1135 bi-

261 1171 408 1219 duum,
448 1168 596 1206 decimo
629 1174 767 1206 octavo
795 1167 944 1205 scilicet
965 1160 1126 1205 Kalend.
1155 1167 1356 1218 Octobris,
1385 1165 1564 1218 precibus
1590 1177 1681 1202 mu-

260 1237 496 1287 neribusque
506 1235 631 1284 effeci,
654 1241 698 1272 ut
708 1234 908 1274 vivificum
928 1240 1043 1284 atque
1058 1234 1296 1273 salutiferum
1307 1234 1506 1272 adorarem
1517 1232 1680 1282 lignum:

261 1302 332 1341 ubi
348 1308 458 1340 tanto
474 1301 516 1340 in
529 1302 703 1340 tumultu
716 1300 854 1353 populi
868 1301 966 1338 clam
994 1302 1215 1342 custedibus
1237 1301 1391 1352 quidam
1412 1313 1472 1338 me
1488 1298 1679 1347 adierunt,

260 1370 331 1421 qui
351 1375 519 1407 mentem
542 1381 666 1406 meam
691 1368 890 1418 lugubrem
916 1368 1074 1408 furtivis
1100 1368 1339 1407 sermonibus
1357 1366 1521 1405 hilarem
1542 1364 1680 1403 reddi-

221 1436 417 1479 Bderunt.
471 1434 632 1474 Decimo
660 1434 798 1485 quinto
828 1440 954 1473 autem
980 1437 1066 1474 Kal.
1096 1433 1302 1482 Octobris,
1337 1431 1474 1471 mortis
1501 1432 1680 1481 vitaeque

254 1503 429 1551 medius,
456 1502 511 1539 ad
532 1502 717 1553 palatium
734 1515 819 1540 sum
836 1508 1083 1544 convocatus.
1141 1501 1313 1549 Cumque
1335 1499 1384 1537 ad
1410 1498 1680 1550 Christophori

256 1568 415 1609 Patricii
432 1567 615 1607 Eunuchi
632 1568 887 1619 praesentiam
900 1568 1086 1617 venirem,
1099 1567 1262 1616 benigne
1278 1578 1339 1604 me
1355 1566 1581 1618 suscipiens,
1602 1565 1679 1603 mi·-

257 1635 301 1673 hi
323 1649 414 1673 cum
442 1635 566 1672 tribus
590 1635 675 1672 aliis
703 1634 935 1673 assurrexit:
966 1647 1134 1686 quorum
1150 1632 1374 1671 huiusmodi
1400 1633 1474 1671 fuit
1487 1631 1679 1670 narratio-

256 1701 319 1739 nis
340 1701 520 1740 initium:
551 1701 773 1740 ostendunt
799 1702 926 1753 pallor
946 1701 989 1739 in
1017 1714 1084 1739 ore
1103 1700 1259 1749 sedens,
1287 1694 1426 1737 macies
1444 1698 1488 1735 in
1515 1710 1679 1749 corpore

256 1773 361 1816 toto,
391 1767 574 1805 crinitum
606 1775 744 1820 caput,
774 1768 929 1820 prolixa
950 1773 1087 1804 contra
1109 1779 1255 1804 morem
1284 1766 1421 1813 barba,
1449 1765 1678 1803 immensum

259 1833 371 1870 cordi
392 1839 463 1871 tuo
493 1834 617 1872 inesse
641 1835 834 1884 dolorem,
864 1847 908 1872 eo
934 1833 1040 1885 quod
1058 1832 1248 1872 redeundi
1266 1832 1316 1869 ad
1334 1832 1540 1870 Dominum
1566 1837 1678 1869 tuum

257 1898 446 1937 terminus
464 1906 522 1938 est
542 1901 738 1942 dilatatus.
794 1901 938 1940 Verum
955 1913 1004 1938 ne
1022 1901 1161 1937 Sancto
1181 1898 1425 1950 Imperatori,
1454 1910 1550 1937 neve
1564 1896 1677 1935 nobis

257 1977 503 2015 succenseas,
533 1981 702 2007 oramus.
757 1969 968 2007 Reddimus
1000 1973 1127 2005 autem
1165 1965 1354 2003 tarditatis
1382 1971 1471 2002 tuae
1509 1976 1676 2001 causam.

256 2029 360 2079 Papa
386 2030 581 2070 Romanus
612 2033 673 2087 (si
699 2041 827 2072 tamen
857 2036 959 2086 Papa
982 2040 1039 2072 est
1063 2031 1280 2079 vocandus,
1309 2029 1376 2081 qui
1397 2029 1565 2068 Alberici
1593 2029 1676 2067 filio

222 2095 477 2146 Capostatae,
505 2099 709 2150 adultero,
739 2102 942 2152 sacrilego,
981 2098 1302 2146 communicavit,
1319 2094 1675 2145 comministravit)

259 2161 391 2199 literas
410 2169 543 2201 nostro
573 2167 820 2205 Sanctissimo
839 2166 1067 2219 Imperatori
1091 2179 1130 2204 se
1151 2164 1305 2214 dignas,
1331 2163 1478 2213 illoque
1500 2161 1677 2211 indignas

261 2227 385 2277 misit,
416 2229 656 2270 Graec-orum
679 2233 813 2283 illum,
843 2241 881 2272 et
908 2247 988 2271 non
1013 2233 1272 2270 Romanorum
1303 2229 1575 2279 Imperatorem
1600 2239 1678 2265 vo-

264 2308 375 2333 cans:
396 2295 506 2346 quod.
517 2297 578 2334 tui
595 2298 741 2336 domini
759 2299 921 2338 consilio
936 2305 1064 2336 actum
1083 2311 1164 2335 non
1183 2302 1240 2334 est
1256 2292 1512 2347 ἆμφίσβητον.
1548 2291 1676 2340 Quod,

261 2362 420 2414 inquam
444 2375 623 2413 mecum,
652 2366 812 2404 verbum
843 2365 987 2404 audio?
1013 2363 1130 2416 perii:
1158 2361 1263 2400 haud
1293 2360 1455 2398 dubium
1479 2365 1554 2407 est,
1581 2357 1678 2408 quin

258 2429 302 2466 in
314 2429 556 2480 praetorium
567 2437 670 2469 recta
681 2431 903 2483 proficiscar
920 2430 995 2469 via.
1032 2430 1107 2468 Sed
1120 2431 1232 2480 Papa,
1244 2427 1345 2475 audi,
1366 2427 1487 2474 aiunt,
1504 2423 1677 2462 omnium

258 2495 463 2535 hominum
493 2496 692 2542 stolidior,
733 2496 874 2534 scimus
908 2497 1036 2534 dicere
1069 2496 1152 2542 vis,
1190 2506 1340 2545 nosque
1367 2492 1410 2529 id
1438 2489 1676 2542 profitemur.

260 2561 312 2599 At
328 2575 400 2612 ego
419 2576 500 2601 non
515 2562 557 2600 id
577 2562 654 2602 aio.
711 2561 810 2599 Audi
827 2575 936 2612 ergo:
965 2562 1034 2600 sed
1051 2563 1151 2613 Papa
1166 2563 1293 2599 fatuus
1303 2588 1319 2608 ‚
1346 2557 1514 2596 insulsus
1525 2586 1538 2605 ,
1561 2554 1651 2604 igno

260 2634 322 2664 rat
353 2628 650 2668 Constantinum
671 2630 854 2666 Sanctum
882 2628 1098 2679 Imperialia
1126 2635 1277 2680 sceptra
1307 2627 1386 2664 huc
1408 2619 1653 2660 transvexise‚

260 2694 446 2735 Senatum
465 2693 620 2736 ‘omnem
632 2718 646 2747 i
672 2701 927 2746 cunctamque
947 2695 1157 2733 Romanam
1180 2692 1366 2732 militiam.
1421 2690 1563 2728 Romae
1581 2690 1651 2714 ¹³1⁰
