1748 3094
400 161 498 208 380
660 165 963 212 EXCERPTA
989 164 1069 208 EX
1094 160 1317 209 HISTOR.
1339 164 1577 210 ARABUM

401 269 581 320 Armeni,
621 269 665 307 in
698 284 831 322 agrum
860 270 1099 308 Edessenum
1129 268 1414 320 irrumpentes,
1451 271 1559 312 1000
1590 281 1705 318 oves,
1742 287 1748 309 ε

400 343 535 376 tauros
557 342 595 374 et
618 340 671 379 10
699 337 807 375 viros
831 335 974 375 Arabes
997 336 1254 374 abduxerunt.
1308 334 1424 373 Hisce
1443 335 1682 388 temporibus
1708 349 1748 386 qt

399 403 565 442 Romani
585 403 775 442 Arabibus
798 403 1067 455 praevalerent
1085 408 1124 440 et
1139 401 1359 454 diripiendo
1387 401 1659 454 omniaUusque
1683 402 1734 440 ad

399 470 567 508 meniam
595 468 785 508 maiorem‘
807 469 1093 522 pervenissent,
1121 470 1382 508 Armenorum
1406 468 1490 518 illi,
1520 468 1591 520 qni
1614 473 1747 517 metu,

398 536 447 574 ab
468 536 678 586 Arabibus,
707 542 913 587 propterea
931 536 1039 587 quod
1061 535 1272 574 Christiani
1289 541 1435 585 essent,
1463 532 1723 584 vexarentur,

397 603 596 653 fugerant,
624 602 667 640 in
687 603 783 641 fines
800 604 1064 643 Romanorum
1083 616 1123 641 se
1138 603 1401 643 contulerunt.
1454 602 1618 640 Romani
1636 601 1748 639 dedet

396 668 476 706 illis
497 669 707 707 Sebastiam
727 669 769 707 in
785 670 1037 722 Cappadocia,
1068 669 1184 718 unde,
1213 682 1333 720 quum
1352 682 1537 707 numerus
1559 682 1693 707 eorum
1709 681 1748 706 vae

397 741 537 774 auctus
552 742 678 786 esset,
703 736 914 786 misenmt,
945 736 1012 787 qui
1028 735 1179 774 arcibus
1199 736 1246 773 ab
1265 735 1455 774 Arabibus
1485 735 1609 787 captis
1629 736 1748 787 praesi

394 807 535 841 essent.
598 802 644 840 In
670 789 849 841 omnibus
883 793 1194 854 expeditionibus
1226 801 1270 840 hi
1297 815 1450 854 quoque
1482 802 1641 840 Armeni
1673 801 1748 853 ped

393 881 486 906 cum
512 869 695 906 Romanis
719 869 923 918 exierunt,
956 882 1143 921 prospere
1163 869 1392 920 plerumque
1407 868 1651 921 praeliantes.
1706 867 1748 906 Ni

390 935 565 988 phorum
591 935 846 974 domesticum
871 949 961 973 cum
981 937 1245 974 Romanorum
1262 935 1387 987 copiis
1403 949 1426 972 a
1446 935 1592 974 Halebo
1608 947 1748 973 reverm

391 1015 514 1053 quum
548 1001 797 1040 Simandoam
832 1002 1070 1054 pervenisset
1085 1032 1098 1053 ,
1134 1002 1283 1040 nuncio
1317 1002 1365 1040 de
1397 1008 1524 1041 morte
1556 1001 1658 1052 regis
1691 1001 1748 1038 all·

391 1081 527 1106 omnes
544 1067 623 1106 viri
639 1068 836 1120 principes
848 1082 936 1106 cum
948 1068 1307 1120 Schumuschchigo
1317 1069 1494 1107 unanimi
1511 1081 1703 1108 consensu
1718 1081 1748 1106 ι]

392 1134 635 1172 Graecorum
664 1138 770 1178 1275
798 1135 1163 1186 pronunciaverunt
1187 1148 1316 1186 regem
1345 1141 1385 1174 et
1399 1148 1554 1174 servum
1578 1135 1662 1177 eius
1691 1134 1746 1172 Se'

391 1200 690 1251 muschchigum
710 1201 977 1242 domesticum.
1019 1201 1106 1240 Hoc
1125 1201 1176 1239 ad
1190 1201 1338 1240 bellum
1355 1215 1445 1240 cum
1466 1200 1658 1241 Arabibus
1682 1214 1746 1252 ger

391 1268 487 1307 dum
508 1268 687 1316 dimisso,
714 1267 797 1319 ipse
817 1268 1182 1321 Constantinopolin
1198 1268 1391 1319 ingressus
1410 1268 1455 1306 in
1475 1282 1595 1320 regno
1617 1268 1743 1307 confir

392 1339 457 1372 tus
474 1340 543 1372 est.
571 1333 907 1386 Schumuschchig
922 1335 1197 1387 Mopsvestiam
1214 1349 1287 1387 per
1305 1340 1333 1380 7
1351 1335 1434 1373 dies
1453 1335 1603 1374 obsedit
1620 1341 1659 1373 et
1682 1348 1742 1386 qm

392 1403 457 1443 vis
479 1403 568 1455 plus
591 1417 706 1455 quam
728 1403 926 1454 sexaginta
943 1402 1040 1440 locis
1063 1416 1218 1441 murum
1240 1402 1497 1454 pert'odisset,
1523 1401 1675 1452 ingredi
1691 1407 1741 1439 tal

390 1483 475 1509 non
491 1470 634 1522 potuit.
688 1471 824 1521 Itaque
853 1482 987 1519 agrum
1015 1469 1097 1507 eius
1123 1474 1163 1507 et
1182 1483 1293 1520 agros
1313 1470 1530 1509 Adanae'et
1548 1468 1659 1507 Tarsi
1679 1468 1739 1506 inc

389 1536 463 1575 dit.
525 1536 805 1588 Mopsvestenis
834 1536 945 1579 5000
971 1534 1149 1574 virorum
1174 1536 1296 1575 Tarso
1327 1535 1474 1574 auxilio
1498 1539 1712 1583 venerunt,

388 1604 555 1642 Romani
580 1603 735 1641 obviam
758 1602 853 1641 facti
882 1615 947 1640 eos
976 1614 1109 1640 omnes
1138 1601 1388 1653 occiderunt5
1425 1615 1503 1654 quo
1527 1602 1653 1650 facto,
1680 1600 1737 1638 rel

388 1669 506 1719 urbe,
537 1669 810 1708 discesserunt.
863 1667 910 1706 In
940 1668 1073 1707 Cilicia
1096 1681 1235 1719 magna
1256 1669 1377 1708 fames
1405 1674 1491 1708 orta
1512 1673 1593 1719 est,
1620 1681 1736 1719 quam

387 1750 472 1775 rem
501 1736 688 1788 permulti
726 1735 870 1774 Arabes
898 1735 1129 1772 Damascum
1165 1723 1433 1787 confugerunt.
1502 1734 1632 1773 Etiam

387 1803 567 1842 Haranae
594 1809 634 1841 et
662 1804 825 1842 Edessae
858 1802 987 1853 gravis
1015 1803 1134 1841 fames
1157 1802 1247 1842 fuit.
1310 1802 1425 1841 Anno
1456 1807 1548 1854 post
1571 1801 1733 1839 Domest

384 1870 527 1909 iterum
548 1870 723 1908 Ciliciam
739 1870 932 1921 ingressus
951 1860 1228 1921 Mopsvestiam
1251 1868 1492 1921 oppugnavit
1515 1881 1588 1920 per
1605 1874 1684 1907 tres
1701 1881 1731 1905 n

386 1949 466 1985 ses,
495 1937 563 1975 sed
582 1950 803 1989 expugnare
822 1949 903 1974 non
924 1935 1074 1988 potuit;
1101 1935 1236 1986 itaque
1259 1949 1380 1987 quum
1399 1934 1526 1975 morbi
1539 1940 1579 1974 et
1591 1934 1729 1987 pesffle

386 2003 520 2055 copias
537 2004 784 2054 infestarent,
810 2003 956 2042 tributo
973 2001 1154 2053 imposito
1172 2001 1278 2043 abiit.

497 2070 611 2109 Anno
632 2073 870 2110 Graecorum
887 2072 994 2112 1276
1007 2100 1020 2120 ,
1034 2067 1207 2107 Arabum
1221 2068 1306 2111 854
1317 2094 1329 2115 ,
1346 2081 1468 2120 quum
1481 2079 1554 2107 rex
1570 2066 1727 2119 Niceph«

388 2136 725 2189 Constantinopoli
746 2138 965 2175 Caesaream
980 2135 1247 2187 Cappadociae
1260 2135 1391 2173 sedem
1404 2134 1680 2184 transtulisset,
1708 2134 1725 2172 Ἷ

388 2215 518 2240 senses
544 2209 583 2240 et
606 2203 893 2254 Mopsvesteni‚
919 2201 1035 2239 misso
1052 2201 1105 2240 ad
1129 2214 1220 2239 eum
1245 2201 1394 2251 legato,
1428 2200 1662 2239 deditionem
1686 2213 1724 2252 p·
1745 2201 1748 2207 '

389 2274 540 2317 centes,
567 2282 696 2319 regem
712 2269 760 2307 ab
777 2282 822 2307 eo
842 2270 1094 2320 expetierunt.
1147 2267 1362 2318 Respondit
1378 2267 1466 2305 ffle:
1493 2268 1637 2317 „Nunc
1652 2268 1723 2307 den

386 2347 509 2386 quum
524 2334 573 2372 de
590 2347 722 2384 regum
739 2341 958 2373 vestrorum
973 2333 1121 2373 auxilio
1139 2334 1384 2385 desperantes
1399 2346 1542 2372 canum
1559 2334 1721 2374 cadaver
1746 2348 1748 2351 ·

383 2402 462 2439 iam
478 2400 685 2440 vescimini
701 2406 739 2439 et
750 2401 971 2452 pestilentia
984 2414 1055 2441 vos
1072 2400 1253 2449 absumit,
1274 2399 1374 2438 mihi
1388 2413 1460 2440 vos
1479 2401 1692 2440 subiicietis
1707 2401 1719 2451 <
1747 2434 1748 2437 ,

382 2468 456 2506 diu
481 2465 636 2520 nempe)
681 2466 806 2506 donec
836 2468 940 2507 vires
969 2466 1310 2519 recuperaveritis,
1353 2473 1400 2506 nt
1422 2467 1609 2506 rebellare
1633 2478 1718 2517 pose
1745 2485 1748 2502 .=

383 2534 502 2572 Vobis
530 2546 554 2571 a
579 2545 641 2571 me
667 2534 726 2572 nil
751 2532 827 2572 nisi
851 2533 1001 2585 gladius
1031 2534 1293 2586 expectandus
1322 2530 1425 2574 est.”
1485 2532 1642 2572 [atteris
1667 2544 1712 2570 eo

383 2611 501 2650 super
516 2597 630 2650 legati
650 2599 775 2652 capite
792 2598 847 2637 ita
869 2600 1102 2649 combustis,
1129 2605 1175 2638 ut
1191 2598 1311 2638 huius
1332 2611 1486 2652 quoque
1499 2598 1619 2638 barba
1636 2611 1715 2635 con

377 2671 532 2703 reretm·
543 2692 554 2713 ,
582 2664 751 2716 legatum
767 2665 891 2705 eiecit.
948 2667 1049 2705 Tum
1066 2667 1169 2705 fama
1187 2673 1247 2706 est
1263 2665 1441 2719 quotidie
1455 2668 1541 2708 300
1555 2671 1713 2704 mortuo

378 2731 502 2770 lectos
521 2744 543 2770 e
559 2732 676 2772 Tarso
696 2733 816 2773 elatos
844 2745 936 2773 esse.
999 2733 1083 2774 Rex
1103 2733 1344 2788 Nicephorus
1366 2737 1599 2785 congregato
1622 2744 1713 2772 exet
1744 2744 1748 2766 π
