<?xml version="1.0" encoding="UTF-8"?>
<!DOCTYPE html PUBLIC "-//W3C//DTD XHTML 1.0 Transitional//EN"
    "http://www.w3.org/TR/xhtml1/DTD/xhtml1-transitional.dtd">
<html xmlns="http://www.w3.org/1999/xhtml" xml:lang="en" lang="en">
 <head>
  <title>
</title>
<meta http-equiv="Content-Type" content="text/html;charset=utf-8" />
  <meta name='ocr-system' content='tesseract 3.04.00' />
  <meta name='ocr-capabilities' content='ocr_page ocr_carea ocr_par ocr_line ocrx_word'/>
</head>
<body>
  <div class='ocr_page' id='page_1' title='image "./corpusscriptorum33niebuoft/corpusscriptorum33niebuoft_0276.png"; bbox 0 0 1768 3034; ppageno 0'>
   <div class='ocr_carea' id='block_1_1' title="bbox 280 134 1403 184">
    <p class='ocr_par' dir='ltr' id='par_1_1' title="bbox 280 134 1403 184">
     <span class='ocr_line' id='line_1_1' title="bbox 280 134 1403 184; baseline -0.003 -3"><span class='ocrx_word' id='word_1_1' title='bbox 280 134 379 183; x_wconf 75' lang='lat'>232</span> <span class='ocrx_word' id='word_1_2' title='bbox 646 140 723 182; x_wconf 93' lang='lat' dir='ltr'>DE</span> <span class='ocrx_word' id='word_1_3' title='bbox 749 137 1139 184; x_wconf 83' lang='lat' dir='ltr'>VELITATIONE</span> <span class='ocrx_word' id='word_1_4' title='bbox 1164 135 1403 180; x_wconf 82' lang='lat' dir='ltr'>BELLICA</span> 
     </span>
    </p>
   </div>
   <div class='ocr_carea' id='block_1_2' title="bbox 69 237 1768 1910">
    <p class='ocr_par' dir='ltr' id='par_1_2' title="bbox 69 237 1768 1910">
     <span class='ocr_line' id='line_1_2' title="bbox 281 237 1697 300; baseline -0.005 -11"><span class='ocrx_word' id='word_1_5' title='bbox 281 263 393 300; x_wconf 85' lang='grc' dir='ltr'><em>μενοι</em></span> <span class='ocrx_word' id='word_1_6' title='bbox 416 249 489 288; x_wconf 78' lang='grc' dir='ltr'>τοῦ</span> <span class='ocrx_word' id='word_1_7' title='bbox 515 249 614 288; x_wconf 82' lang='grc' dir='ltr'><em>λαοῦ</em></span> <span class='ocrx_word' id='word_1_8' title='bbox 646 245 770 287; x_wconf 72' lang='grc' dir='ltr'><em>αὐτοῦ</em></span> <span class='ocrx_word' id='word_1_9' title='bbox 799 242 1056 297; x_wconf 80' lang='grc' dir='ltr'><em>καταλάβωσι</em></span> <span class='ocrx_word' id='word_1_10' title='bbox 1081 244 1148 284; x_wconf 84' lang='grc' dir='ltr'>καὶ</span> <span class='ocrx_word' id='word_1_11' title='bbox 1174 242 1398 285; x_wconf 73' lang='grc' dir='ltr'><em>διέλθωσιν.</em></span> <span class='ocrx_word' id='word_1_12' title='bbox 1453 237 1537 284; x_wconf 73' lang='grc' dir='ltr'><em>εἶθ’</em></span> <span class='ocrx_word' id='word_1_13' title='bbox 1570 237 1697 290; x_wconf 72' lang='grc' dir='ltr'><em>οὕτως</em></span> 
     </span>
     <span class='ocr_line' id='line_1_3' title="bbox 283 306 1699 369; baseline -0.004 -14"><span class='ocrx_word' id='word_1_14' title='bbox 283 315 349 355; x_wconf 82' lang='grc' dir='ltr'>καὶ</span> <span class='ocrx_word' id='word_1_15' title='bbox 373 313 494 361; x_wconf 77' lang='grc' dir='ltr'><em>αὐτὸς</em></span> <span class='ocrx_word' id='word_1_16' title='bbox 524 315 711 369; x_wconf 76' lang='grc' dir='ltr'><em>σφοδρῶς</em></span> <span class='ocrx_word' id='word_1_17' title='bbox 742 310 845 352; x_wconf 81' lang='grc' dir='ltr'><em>κατὰ</em></span> <span class='ocrx_word' id='word_1_18' title='bbox 881 315 961 352; x_wconf 82' lang='grc' dir='ltr'><em>τῶν</em></span> <span class='ocrx_word' id='word_1_19' title='bbox 991 310 1187 362; x_wconf 83' lang='grc' dir='ltr'><em>πολεμίων</em></span> <span class='ocrx_word' id='word_1_20' title='bbox 1215 309 1293 351; x_wconf 76' lang='grc' dir='ltr'><em>ἀπὸ</em></span> <span class='ocrx_word' id='word_1_21' title='bbox 1326 312 1397 350; x_wconf 81' lang='grc' dir='ltr'>τοῦ</span> <span class='ocrx_word' id='word_1_22' title='bbox 1425 306 1699 363; x_wconf 76' lang='grc' dir='ltr'><em>ἔγκρῦμματος</em></span> 
     </span>
     <span class='ocr_line' id='line_1_4' title="bbox 280 373 1697 434; baseline -0.004 -13"><span class='ocrx_word' id='word_1_23' title='bbox 280 380 477 431; x_wconf 75' lang='grc' dir='ltr'><em>ἐξελθὼν,</em></span> <span class='ocrx_word' id='word_1_24' title='bbox 513 380 614 434; x_wconf 79' lang='grc' dir='ltr'><em>μετὰ</em></span> <span class='ocrx_word' id='word_1_25' title='bbox 639 383 719 420; x_wconf 83' lang='grc' dir='ltr'><em>τῶν</em></span> <span class='ocrx_word' id='word_1_26' title='bbox 740 377 813 419; x_wconf 71' lang='grc' dir='ltr'>σὺν</span> <span class='ocrx_word' id='word_1_27' title='bbox 840 377 948 433; x_wconf 76' lang='grc' dir='ltr'><em>αὐτῷ</em></span> <span class='ocrx_word' id='word_1_28' title='bbox 974 374 1214 433; x_wconf 81' lang='grc' dir='ltr'><em>ὅρμησάτω,</em></span> <span class='ocrx_word' id='word_1_29' title='bbox 1250 377 1316 418; x_wconf 82' lang='grc' dir='ltr'>καὶ</span> <span class='ocrx_word' id='word_1_30' title='bbox 1333 373 1629 429; x_wconf 80' lang='grc' dir='ltr'><em>εὖοδωθήσεται</em></span> <span class='ocrx_word' id='word_1_31' title='bbox 1647 378 1697 429; x_wconf 84' lang='grc' dir='ltr'><em>τῇ</em></span> 
     </span>
     <span class='ocr_line' id='line_1_5' title="bbox 280 439 1698 501; baseline -0.004 -13"><span class='ocrx_word' id='word_1_32' title='bbox 280 450 353 488; x_wconf 85' lang='grc' dir='ltr'>τοῦ</span> <span class='ocrx_word' id='word_1_33' title='bbox 379 449 561 501; x_wconf 81' lang='grc' dir='ltr'><em>Χριστοῦ</em></span> <span class='ocrx_word' id='word_1_34' title='bbox 593 443 755 497; x_wconf 79' lang='grc' dir='ltr'><em>δυνάμει</em></span> <span class='ocrx_word' id='word_1_35' title='bbox 786 445 851 485; x_wconf 80' lang='grc' dir='ltr'>καὶ</span> <span class='ocrx_word' id='word_1_36' title='bbox 874 442 1019 499; x_wconf 81' lang='grc' dir='ltr'><em>χάριτι.</em></span> <span class='ocrx_word' id='word_1_37' title='bbox 1077 441 1247 497; x_wconf 83' lang='grc' dir='ltr'><em>λήψεται</em></span> <span class='ocrx_word' id='word_1_38' title='bbox 1275 442 1355 498; x_wconf 85' lang='grc' dir='ltr'><em>γὰρ</em></span> <span class='ocrx_word' id='word_1_39' title='bbox 1391 443 1457 484; x_wconf 85' lang='grc' dir='ltr'>καὶ</span> <span class='ocrx_word' id='word_1_40' title='bbox 1491 439 1698 497; x_wconf 80' lang='grc' dir='ltr'><em>δορυαλώ-</em></span> 
     </span>
     <span class='ocr_line' id='line_1_6' title="bbox 280 503 1732 567; baseline -0.003 -14"><span class='ocrx_word' id='word_1_41' title='bbox 280 529 400 563; x_wconf 86' lang='grc' dir='ltr'><em>τους,</em></span> <span class='ocrx_word' id='word_1_42' title='bbox 436 514 501 553; x_wconf 85' lang='grc' dir='ltr'>καὶ</span> <span class='ocrx_word' id='word_1_43' title='bbox 522 511 694 559; x_wconf 72' lang='grc' dir='ltr'><em>πολλοὺς</em></span> <span class='ocrx_word' id='word_1_44' title='bbox 715 512 780 551; x_wconf 80' lang='grc' dir='ltr'>καὶ</span> <span class='ocrx_word' id='word_1_45' title='bbox 802 509 1005 567; x_wconf 80' lang='grc' dir='ltr'><em>ἀναιρήσει</em></span> <span class='ocrx_word' id='word_1_46' title='bbox 1029 511 1094 551; x_wconf 81' lang='grc' dir='ltr'>καὶ</span> <span class='ocrx_word' id='word_1_47' title='bbox 1115 511 1384 565; x_wconf 87' lang='grc' dir='ltr'><em>τραυματίσει.</em></span> <span class='ocrx_word' id='word_1_48' title='bbox 1426 512 1507 550; x_wconf 83' lang='grc' dir='ltr'><em>τῶν</em></span> <span class='ocrx_word' id='word_1_49' title='bbox 1535 503 1605 550; x_wconf 73' lang='grc' dir='ltr'><em>οὖν</em></span> <span class='ocrx_word' id='word_1_50' title='bbox 1622 520 1732 556; x_wconf 86' lang='grc' dir='ltr'><em>πο-5</em></span> 
     </span>
     <span class='ocr_line' id='line_1_7' title="bbox 131 574 1702 633; baseline -0.003 -13"><span class='ocrx_word' id='word_1_51' title='bbox 131 581 173 616; x_wconf 87' lang='lat' dir='ltr'>P·</span> <span class='ocrx_word' id='word_1_52' title='bbox 196 583 261 620; x_wconf 86' lang='lat'>150</span> <span class='ocrx_word' id='word_1_53' title='bbox 284 580 427 632; x_wconf 85' lang='grc' dir='ltr'><em>λεμίων</em></span> <span class='ocrx_word' id='word_1_54' title='bbox 461 577 516 620; x_wconf 72' lang='grc' dir='ltr'>ἴτι</span> <span class='ocrx_word' id='word_1_55' title='bbox 550 577 894 633; x_wconf 71' lang='grc' dir='ltr'><em>προστιθεμένων,</em></span> <span class='ocrx_word' id='word_1_56' title='bbox 930 579 996 619; x_wconf 84' lang='grc' dir='ltr'>καὶ</span> <span class='ocrx_word' id='word_1_57' title='bbox 1026 578 1081 625; x_wconf 77' lang='grc' dir='ltr'>εἷς</span> <span class='ocrx_word' id='word_1_58' title='bbox 1107 580 1268 630; x_wconf 80' lang='grc' dir='ltr'><em>πλῆθος</em></span> <span class='ocrx_word' id='word_1_59' title='bbox 1298 574 1598 628; x_wconf 74' lang='grc' dir='ltr'><em>αὐξανομένων,</em></span> <span class='ocrx_word' id='word_1_60' title='bbox 1635 576 1702 615; x_wconf 78' lang='grc' dir='ltr'>καὶ</span> 
     </span>
     <span class='ocr_line' id='line_1_8' title="bbox 281 638 1701 701; baseline -0.003 -15"><span class='ocrx_word' id='word_1_61' title='bbox 281 647 471 701; x_wconf 80' lang='grc' dir='ltr'><em>σφοδρῶς</em></span> <span class='ocrx_word' id='word_1_62' title='bbox 490 643 775 686; x_wconf 78' lang='grc' dir='ltr'><em>ἐπιδιωκόντων</em></span> <span class='ocrx_word' id='word_1_63' title='bbox 785 676 798 696; x_wconf 93' lang='grc'><em>,</em></span> <span class='ocrx_word' id='word_1_64' title='bbox 834 644 929 692; x_wconf 75' lang='grc' dir='ltr'><em>τοὺς</em></span> <span class='ocrx_word' id='word_1_65' title='bbox 949 644 1021 697; x_wconf 74' lang='grc' dir='ltr'><em>μὲν</em></span> <span class='ocrx_word' id='word_1_66' title='bbox 1041 643 1363 696; x_wconf 80' lang='grc' dir='ltr'><em>κατασχεθέντας</em></span> <span class='ocrx_word' id='word_1_67' title='bbox 1384 642 1582 695; x_wconf 83' lang='grc' dir='ltr'><em>δεσμίους,</em></span> <span class='ocrx_word' id='word_1_68' title='bbox 1606 638 1701 689; x_wconf 76' lang='grc' dir='ltr'><em>τούς</em></span> 
     </span>
     <span class='ocr_line' id='line_1_9' title="bbox 282 707 1700 765; baseline -0.004 -11"><span class='ocrx_word' id='word_1_69' title='bbox 282 729 325 754; x_wconf 87' lang='grc' dir='ltr'>τε</span> <span class='ocrx_word' id='word_1_70' title='bbox 351 714 498 760; x_wconf 90' lang='grc' dir='ltr'><em>ἵππους</em></span> <span class='ocrx_word' id='word_1_71' title='bbox 525 712 657 753; x_wconf 75' lang='grc' dir='ltr'><em>αὐτῶν</em></span> <span class='ocrx_word' id='word_1_72' title='bbox 683 713 748 752; x_wconf 85' lang='grc' dir='ltr'>καὶ</span> <span class='ocrx_word' id='word_1_73' title='bbox 770 709 873 752; x_wconf 79' lang='grc' dir='ltr'><em>ὅπλα</em></span> <span class='ocrx_word' id='word_1_74' title='bbox 894 710 1122 765; x_wconf 64' lang='grc' dir='ltr'><em>ἔμπροσθεν</em></span> <span class='ocrx_word' id='word_1_75' title='bbox 1143 707 1438 759; x_wconf 78' lang='grc' dir='ltr'><em>ἀποστειλάτω,</em></span> <span class='ocrx_word' id='word_1_76' title='bbox 1474 712 1548 750; x_wconf 86' lang='grc' dir='ltr'>τοῦ</span> <span class='ocrx_word' id='word_1_77' title='bbox 1574 724 1700 749; x_wconf 88' lang='grc' dir='ltr'><em>κατα-</em></span> 
     </span>
     <span class='ocr_line' id='line_1_10' title="bbox 282 772 1701 834; baseline -0.003 -15"><span class='ocrx_word' id='word_1_78' title='bbox 282 782 417 831; x_wconf 80' lang='grc' dir='ltr'><em>λαβεῖν</em></span> <span class='ocrx_word' id='word_1_79' title='bbox 439 779 479 819; x_wconf 72' lang='grc' dir='ltr'>ἐν</span> <span class='ocrx_word' id='word_1_80' title='bbox 500 773 531 833; x_wconf 82' lang='grc' dir='ltr'><em>ᾧ</em></span> <span class='ocrx_word' id='word_1_81' title='bbox 557 777 666 834; x_wconf 83' lang='grc' dir='ltr'><em>τόπῳ</em></span> <span class='ocrx_word' id='word_1_82' title='bbox 687 776 707 818; x_wconf 82' lang='grc' dir='ltr'><em>ὃ</em></span> <span class='ocrx_word' id='word_1_83' title='bbox 728 778 950 832; x_wconf 69' lang='grc' dir='ltr'><em>στρατηγὸς</em></span> <span class='ocrx_word' id='word_1_84' title='bbox 970 778 1143 818; x_wconf 89' lang='grc' dir='ltr'><em>ἵσταται.</em></span> <span class='ocrx_word' id='word_1_85' title='bbox 1188 776 1363 824; x_wconf 84' lang='grc' dir='ltr'><em>κάκεῖνος</em></span> <span class='ocrx_word' id='word_1_86' title='bbox 1383 772 1582 823; x_wconf 78' lang='grc' dir='ltr'><em>εὐτάκτως</em></span> <span class='ocrx_word' id='word_1_87' title='bbox 1597 772 1701 816; x_wconf 83' lang='grc' dir='ltr'><em>ὗπο-</em></span> 
     </span>
     <span class='ocr_line' id='line_1_11' title="bbox 283 840 1768 900; baseline -0.003 -15"><span class='ocrx_word' id='word_1_88' title='bbox 283 844 458 900; x_wconf 76' lang='grc' dir='ltr'><em>φευγέτω</em></span> <span class='ocrx_word' id='word_1_89' title='bbox 483 844 585 898; x_wconf 73' lang='grc' dir='ltr'><em>μετὰ</em></span> <span class='ocrx_word' id='word_1_90' title='bbox 618 848 696 885; x_wconf 85' lang='grc' dir='ltr'><em>τῶν</em></span> <span class='ocrx_word' id='word_1_91' title='bbox 726 843 799 885; x_wconf 75' lang='grc' dir='ltr'>σὺν</span> <span class='ocrx_word' id='word_1_92' title='bbox 836 844 944 900; x_wconf 76' lang='grc' dir='ltr'><em>αὐτῷ</em></span> <span class='ocrx_word' id='word_1_93' title='bbox 958 875 970 894; x_wconf 93' lang='grc'><em>,</em></span> <span class='ocrx_word' id='word_1_94' title='bbox 1008 843 1205 898; x_wconf 71' lang='grc' dir='ltr'><em>ἐρεθίζων</em></span> <span class='ocrx_word' id='word_1_95' title='bbox 1227 842 1323 890; x_wconf 79' lang='grc' dir='ltr'><em>τοὺς</em></span> <span class='ocrx_word' id='word_1_96' title='bbox 1357 843 1569 894; x_wconf 84' lang='grc' dir='ltr'><em>πολεμίους</em></span> <span class='ocrx_word' id='word_1_97' title='bbox 1601 840 1701 896; x_wconf 84' lang='grc' dir='ltr'><em>πρὸς</em></span> <span class='ocrx_word' id='word_1_98' title='bbox 1714 853 1768 887; x_wconf 67' lang='grc' dir='ltr'>ω’</span> 
     </span>
     <span class='ocr_line' id='line_1_12' title="bbox 284 908 1704 965; baseline -0.003 -13"><span class='ocrx_word' id='word_1_99' title='bbox 284 913 416 959; x_wconf 78' lang='grc' dir='ltr'><em>δίωξιν</em></span> <span class='ocrx_word' id='word_1_100' title='bbox 438 913 503 952; x_wconf 85' lang='grc' dir='ltr'>καὶ</span> <span class='ocrx_word' id='word_1_101' title='bbox 523 912 713 964; x_wconf 71' lang='grc' dir='ltr'><em>ἐμπείρως</em></span> <span class='ocrx_word' id='word_1_102' title='bbox 732 909 1011 965; x_wconf 73' lang='grc' dir='ltr'><em>ἐφελκόμενος·</em></span> <span class='ocrx_word' id='word_1_103' title='bbox 1045 910 1185 962; x_wconf 80' lang='grc' dir='ltr'><em>μηδεὶς</em></span> <span class='ocrx_word' id='word_1_104' title='bbox 1206 909 1250 949; x_wconf 79' lang='grc' dir='ltr'><em>δὲ</em></span> <span class='ocrx_word' id='word_1_105' title='bbox 1276 912 1347 950; x_wconf 79' lang='grc' dir='ltr'>τοῦ</span> <span class='ocrx_word' id='word_1_106' title='bbox 1376 912 1477 949; x_wconf 80' lang='grc' dir='ltr'><em>λαοῦ</em></span> <span class='ocrx_word' id='word_1_107' title='bbox 1497 908 1621 949; x_wconf 72' lang='grc' dir='ltr'><em>αὐτοῦ</em></span> <span class='ocrx_word' id='word_1_108' title='bbox 1643 924 1704 962; x_wconf 88' lang='grc' dir='ltr'>γι-</span> 
     </span>
     <span class='ocr_line' id='line_1_13' title="bbox 283 974 1701 1031; baseline -0.002 -13"><span class='ocrx_word' id='word_1_109' title='bbox 283 976 486 1029; x_wconf 80' lang='grc' dir='ltr'><em>νωσκέτω,</em></span> <span class='ocrx_word' id='word_1_110' title='bbox 525 978 565 1018; x_wconf 74' lang='grc' dir='ltr'>ἓν</span> <span class='ocrx_word' id='word_1_111' title='bbox 589 975 647 1025; x_wconf 77' lang='grc' dir='ltr'>οἷς</span> <span class='ocrx_word' id='word_1_112' title='bbox 666 974 802 1025; x_wconf 90' lang='grc' dir='ltr'><em>τόποις</em></span> <span class='ocrx_word' id='word_1_113' title='bbox 818 977 867 1019; x_wconf 80' lang='grc' dir='ltr'><em>τὰ</em></span> <span class='ocrx_word' id='word_1_114' title='bbox 887 974 1144 1031; x_wconf 74' lang='grc' dir='ltr'><em>ἐγκρύμματα</em></span> <span class='ocrx_word' id='word_1_115' title='bbox 1163 979 1236 1016; x_wconf 79' lang='grc' dir='ltr'>τοῦ</span> <span class='ocrx_word' id='word_1_116' title='bbox 1261 979 1486 1030; x_wconf 80' lang='grc' dir='ltr'><em>στρατηγοῦ</em></span> <span class='ocrx_word' id='word_1_117' title='bbox 1502 975 1701 1026; x_wconf 75' lang='grc' dir='ltr'><em>ἵστανται,</em></span> 
     </span>
     <span class='ocr_line' id='line_1_14' title="bbox 285 1040 1704 1097; baseline -0.001 -14"><span class='ocrx_word' id='word_1_118' title='bbox 285 1045 319 1084; x_wconf 77' lang='grc' dir='ltr'>εἲ</span> <span class='ocrx_word' id='word_1_119' title='bbox 334 1042 389 1096; x_wconf 85' lang='grc' dir='ltr'><em>μὴ</em></span> <span class='ocrx_word' id='word_1_120' title='bbox 412 1041 535 1097; x_wconf 88' lang='grc' dir='ltr'><em>μόνος</em></span> <span class='ocrx_word' id='word_1_121' title='bbox 553 1041 573 1084; x_wconf 80' lang='grc' dir='ltr'><strong><em>ὃ</em></strong></span> <span class='ocrx_word' id='word_1_122' title='bbox 594 1043 726 1097; x_wconf 74' lang='grc' dir='ltr'><em>ἄρχων</em></span> <span class='ocrx_word' id='word_1_123' title='bbox 746 1043 890 1085; x_wconf 78' lang='grc' dir='ltr'><em>αὐτῶν,</em></span> <span class='ocrx_word' id='word_1_124' title='bbox 938 1046 1018 1084; x_wconf 84' lang='grc' dir='ltr'><em>τῶν</em></span> <span class='ocrx_word' id='word_1_125' title='bbox 1041 1043 1085 1083; x_wconf 79' lang='grc' dir='ltr'><em>δὲ</em></span> <span class='ocrx_word' id='word_1_126' title='bbox 1102 1042 1298 1094; x_wconf 83' lang='grc' dir='ltr'><em>πολεμίων</em></span> <span class='ocrx_word' id='word_1_127' title='bbox 1327 1041 1608 1094; x_wconf 70' lang='grc' dir='ltr'><em>ἐπιτιθεμένων</em></span> <span class='ocrx_word' id='word_1_128' title='bbox 1629 1040 1704 1082; x_wconf 82' lang='grc' dir='ltr'>αὗ-</span> 
     </span>
     <span class='ocr_line' id='line_1_15' title="bbox 282 1105 1706 1165; baseline -0.001 -15"><span class='ocrx_word' id='word_1_129' title='bbox 282 1114 341 1165; x_wconf 78' lang='grc' dir='ltr'><em>τῷ</em></span> <span class='ocrx_word' id='word_1_130' title='bbox 362 1109 463 1162; x_wconf 83' lang='grc' dir='ltr'><em>μετὰ</em></span> <span class='ocrx_word' id='word_1_131' title='bbox 493 1108 676 1163; x_wconf 81' lang='grc' dir='ltr'><em>πλήθους</em></span> <span class='ocrx_word' id='word_1_132' title='bbox 701 1113 825 1161; x_wconf 81' lang='grc' dir='ltr'><em>λαοῦ,</em></span> <span class='ocrx_word' id='word_1_133' title='bbox 862 1110 927 1150; x_wconf 83' lang='grc' dir='ltr'>καὶ</span> <span class='ocrx_word' id='word_1_134' title='bbox 958 1108 1140 1164; x_wconf 81' lang='grc' dir='ltr'><em>ἀκρατῶς</em></span> <span class='ocrx_word' id='word_1_135' title='bbox 1165 1105 1411 1158; x_wconf 79' lang='grc' dir='ltr'><em>διωκόντων,</em></span> <span class='ocrx_word' id='word_1_136' title='bbox 1446 1106 1706 1163; x_wconf 72' lang='grc' dir='ltr'><em>ὑποστροφὰς</em></span> 
     </span>
     <span class='ocr_line' id='line_1_16' title="bbox 247 1172 1768 1229; baseline -0.001 -13"><span class='ocrx_word' id='word_1_137' title='bbox 247 1177 518 1218; x_wconf 87' lang='grc' dir='ltr'><em>Βποιείτωσαν</em></span> <span class='ocrx_word' id='word_1_138' title='bbox 539 1176 577 1217; x_wconf 80' lang='grc' dir='ltr'><em>οἳ</em></span> <span class='ocrx_word' id='word_1_139' title='bbox 601 1175 709 1224; x_wconf 73' lang='grc' dir='ltr'><em>ὄντες</em></span> <span class='ocrx_word' id='word_1_140' title='bbox 733 1177 903 1228; x_wconf 81' lang='grc' dir='ltr'><em>ἀνδρεῖοι</em></span> <span class='ocrx_word' id='word_1_141' title='bbox 924 1177 989 1217; x_wconf 84' lang='grc' dir='ltr'>καὶ</span> <span class='ocrx_word' id='word_1_142' title='bbox 1006 1172 1295 1229; x_wconf 79' lang='grc' dir='ltr'><em>γενναιότατοι,</em></span> <span class='ocrx_word' id='word_1_143' title='bbox 1333 1176 1400 1216; x_wconf 86' lang='grc' dir='ltr'>καὶ</span> <span class='ocrx_word' id='word_1_144' title='bbox 1417 1175 1564 1222; x_wconf 87' lang='grc' dir='ltr'><em>ἵππους</em></span> <span class='ocrx_word' id='word_1_145' title='bbox 1589 1172 1768 1222; x_wconf 64' lang='lat' dir='ltr'>ebro-151</span> 
     </span>
     <span class='ocr_line' id='line_1_17' title="bbox 283 1239 1704 1297; baseline -0.001 -14"><span class='ocrx_word' id='word_1_146' title='bbox 283 1258 376 1289; x_wconf 91' lang='grc' dir='ltr'><em>νους</em></span> <span class='ocrx_word' id='word_1_147' title='bbox 409 1242 584 1295; x_wconf 63' lang='grc' dir='ltr'><em>ἔχοντες,</em></span> <span class='ocrx_word' id='word_1_148' title='bbox 622 1243 687 1284; x_wconf 84' lang='grc' dir='ltr'>καὶ</span> <span class='ocrx_word' id='word_1_149' title='bbox 713 1243 993 1297; x_wconf 75' lang='grc' dir='ltr'><em>πληττέτωσαν</em></span> <span class='ocrx_word' id='word_1_150' title='bbox 1025 1241 1119 1289; x_wconf 74' lang='grc' dir='ltr'><em>τοὺς</em></span> <span class='ocrx_word' id='word_1_151' title='bbox 1147 1239 1387 1289; x_wconf 79' lang='grc' dir='ltr'><em>διώκοντας·</em></span> <span class='ocrx_word' id='word_1_152' title='bbox 1417 1242 1486 1282; x_wconf 84' lang='grc' dir='ltr'>ἵνα</span> <span class='ocrx_word' id='word_1_153' title='bbox 1517 1242 1583 1282; x_wconf 84' lang='grc' dir='ltr'>καὶ</span> <span class='ocrx_word' id='word_1_154' title='bbox 1609 1241 1704 1289; x_wconf 74' lang='grc' dir='ltr'><em>τοὺς</em></span> 
     </span>
     <span class='ocr_line' id='line_1_18' title="bbox 282 1305 1705 1363; baseline -0.001 -14"><span class='ocrx_word' id='word_1_155' title='bbox 282 1310 532 1363; x_wconf 82' lang='grc' dir='ltr'><em>τραυματίας</em></span> <span class='ocrx_word' id='word_1_156' title='bbox 554 1313 632 1350; x_wconf 80' lang='grc' dir='ltr'><em>τῶν</em></span> <span class='ocrx_word' id='word_1_157' title='bbox 656 1310 766 1351; x_wconf 85' lang='grc' dir='ltr'><em>ἲδίων</em></span> <span class='ocrx_word' id='word_1_158' title='bbox 790 1307 1040 1359; x_wconf 85' lang='grc' dir='ltr'><em>διασώσωσι,</em></span> <span class='ocrx_word' id='word_1_159' title='bbox 1074 1309 1141 1348; x_wconf 86' lang='grc' dir='ltr'>καὶ</span> <span class='ocrx_word' id='word_1_160' title='bbox 1158 1309 1291 1348; x_wconf 84' lang='grc' dir='ltr'><em>ἵππων</em></span> <span class='ocrx_word' id='word_1_161' title='bbox 1317 1305 1567 1349; x_wconf 79' lang='grc' dir='ltr'><em>ἀτονούντων</em></span> <span class='ocrx_word' id='word_1_162' title='bbox 1589 1306 1616 1361; x_wconf 86' lang='grc' dir='ltr'>ἢ</span> <span class='ocrx_word' id='word_1_163' title='bbox 1637 1308 1705 1349; x_wconf 81' lang='grc' dir='ltr'><em>καὶ</em></span> 
     </span>
     <span class='ocr_line' id='line_1_19' title="bbox 282 1371 1721 1430; baseline -0.001 -14"><span class='ocrx_word' id='word_1_164' title='bbox 282 1375 560 1427; x_wconf 78' lang='grc' dir='ltr'><em>πληττομένων</em></span> <span class='ocrx_word' id='word_1_165' title='bbox 584 1373 726 1430; x_wconf 71' lang='grc' dir='ltr'><em>ἑτέρων</em></span> <span class='ocrx_word' id='word_1_166' title='bbox 749 1377 931 1429; x_wconf 74' lang='grc' dir='ltr'><em>ἐπιβῆναι</em></span> <span class='ocrx_word' id='word_1_167' title='bbox 949 1372 1316 1429; x_wconf 82' lang='grc' dir='ltr'><em>παρασκευάσωσιν.</em></span> <span class='ocrx_word' id='word_1_168' title='bbox 1363 1371 1448 1415; x_wconf 73' lang='grc' dir='ltr'><em>εἷθ’</em></span> <span class='ocrx_word' id='word_1_169' title='bbox 1471 1372 1598 1421; x_wconf 77' lang='grc' dir='ltr'><em>οὕτως</em></span> <span class='ocrx_word' id='word_1_170' title='bbox 1619 1374 1721 1415; x_wconf 60' lang='grc' dir='ltr'>ε’πι-&gt;</span> 
     </span>
     <span class='ocr_line' id='line_1_20' title="bbox 282 1439 1705 1494; baseline -0.001 -13"><span class='ocrx_word' id='word_1_171' title='bbox 282 1439 467 1489; x_wconf 81' lang='grc' dir='ltr'><em>διδόντας</em></span> <span class='ocrx_word' id='word_1_172' title='bbox 487 1441 582 1489; x_wconf 73' lang='grc' dir='ltr'><em>τοὺς</em></span> <span class='ocrx_word' id='word_1_173' title='bbox 598 1442 788 1494; x_wconf 75' lang='grc' dir='ltr'><em>χαλινοὺς</em></span> <span class='ocrx_word' id='word_1_174' title='bbox 806 1446 887 1482; x_wconf 85' lang='grc' dir='ltr'><em>τῶν</em></span> <span class='ocrx_word' id='word_1_175' title='bbox 901 1442 1033 1481; x_wconf 84' lang='grc' dir='ltr'><em>ἵππων</em></span> <span class='ocrx_word' id='word_1_176' title='bbox 1058 1439 1141 1492; x_wconf 79' lang='grc' dir='ltr'><em>μετ’</em></span> <span class='ocrx_word' id='word_1_177' title='bbox 1162 1441 1323 1487; x_wconf 72' lang='grc' dir='ltr'><em>ε’λασίας</em></span> <span class='ocrx_word' id='word_1_178' title='bbox 1347 1444 1612 1493; x_wconf 83' lang='grc' dir='ltr'><em>μακρυνθῶσι</em></span> <span class='ocrx_word' id='word_1_179' title='bbox 1635 1457 1705 1493; x_wconf 79' lang='grc' dir='ltr'>μι-</span> 
     </span>
     <span class='ocr_line' id='line_1_21' title="bbox 69 1504 1768 1562; baseline 0.001 -16"><span class='ocrx_word' id='word_1_180' title='bbox 69 1514 143 1546; x_wconf 83' lang='lat' dir='ltr'>Fol.</span> <span class='ocrx_word' id='word_1_181' title='bbox 156 1513 225 1548; x_wconf 85' lang='lat'>396</span> <span class='ocrx_word' id='word_1_182' title='bbox 248 1507 384 1562; x_wconf 72' lang='grc' dir='ltr'><em>ν.κρόν</em></span> <span class='ocrx_word' id='word_1_183' title='bbox 405 1511 484 1549; x_wconf 83' lang='grc' dir='ltr'><em>τῶν</em></span> <span class='ocrx_word' id='word_1_184' title='bbox 505 1506 726 1550; x_wconf 78' lang='grc' dir='ltr'><em>διωκόντων</em></span> <span class='ocrx_word' id='word_1_185' title='bbox 739 1521 749 1530; x_wconf 81' lang='grc'><em>·</em></span> <span class='ocrx_word' id='word_1_186' title='bbox 781 1509 849 1548; x_wconf 86' lang='grc' dir='ltr'>ἵνα</span> <span class='ocrx_word' id='word_1_187' title='bbox 869 1509 934 1547; x_wconf 82' lang='grc' dir='ltr'>καὶ</span> <span class='ocrx_word' id='word_1_188' title='bbox 955 1510 1026 1548; x_wconf 84' lang='grc' dir='ltr'>τοῦ</span> <span class='ocrx_word' id='word_1_189' title='bbox 1044 1504 1197 1560; x_wconf 84' lang='grc' dir='ltr'><em>βάρους</em></span> <span class='ocrx_word' id='word_1_190' title='bbox 1214 1510 1285 1547; x_wconf 80' lang='grc' dir='ltr'>τοῦ</span> <span class='ocrx_word' id='word_1_191' title='bbox 1307 1506 1546 1558; x_wconf 75' lang='grc' dir='ltr'><em>ἐπικειμένου</em></span> <span class='ocrx_word' id='word_1_192' title='bbox 1567 1505 1768 1556; x_wconf 47' lang='lat' dir='ltr'>airon-25</span> 
     </span>
     <span class='ocr_line' id='line_1_22' title="bbox 282 1570 1704 1628; baseline 0 -14"><span class='ocrx_word' id='word_1_193' title='bbox 282 1577 364 1615; x_wconf 82' lang='grc' dir='ltr'><em>τῶν</em></span> <span class='ocrx_word' id='word_1_194' title='bbox 387 1574 584 1625; x_wconf 84' lang='grc' dir='ltr'><em>πολεμίων</em></span> <span class='ocrx_word' id='word_1_195' title='bbox 602 1573 744 1628; x_wconf 84' lang='grc' dir='ltr'><em>μικρὸν</em></span> <span class='ocrx_word' id='word_1_196' title='bbox 767 1577 1020 1628; x_wconf 73' lang='grc' dir='ltr'><em>κουφισθῷσι</em></span> <span class='ocrx_word' id='word_1_197' title='bbox 1031 1604 1043 1623; x_wconf 93' lang='grc'><em>,</em></span> <span class='ocrx_word' id='word_1_198' title='bbox 1081 1572 1272 1623; x_wconf 81' lang='grc' dir='ltr'><em>κάκεῖνοι,</em></span> <span class='ocrx_word' id='word_1_199' title='bbox 1310 1570 1495 1627; x_wconf 79' lang='grc' dir='ltr'><em>ὀξύτερον</em></span> <span class='ocrx_word' id='word_1_200' title='bbox 1518 1573 1614 1622; x_wconf 76' lang='grc' dir='ltr'><em>τοὺς</em></span> <span class='ocrx_word' id='word_1_201' title='bbox 1633 1575 1704 1614; x_wconf 85' lang='grc' dir='ltr'><em>ἵπ-</em></span> 
     </span>
     <span class='ocr_line' id='line_1_23' title="bbox 283 1636 1768 1695; baseline 0.001 -15"><span class='ocrx_word' id='word_1_202' title='bbox 283 1656 383 1687; x_wconf 89' lang='grc' dir='ltr'><em>πους</em></span> <span class='ocrx_word' id='word_1_203' title='bbox 404 1637 632 1687; x_wconf 75' lang='grc' dir='ltr'><em>ἐλαύνοντες</em></span> <span class='ocrx_word' id='word_1_204' title='bbox 649 1640 748 1694; x_wconf 86' lang='grc' dir='ltr'><em>πρὸς</em></span> <span class='ocrx_word' id='word_1_205' title='bbox 771 1641 923 1689; x_wconf 77' lang='grc' dir='ltr'><em>δίωξιν,</em></span> <span class='ocrx_word' id='word_1_206' title='bbox 961 1636 1130 1687; x_wconf 76' lang='grc' dir='ltr'><em>ἀτόνους</em></span> <span class='ocrx_word' id='word_1_207' title='bbox 1146 1640 1212 1679; x_wconf 80' lang='grc' dir='ltr'>καὶ</span> <span class='ocrx_word' id='word_1_208' title='bbox 1229 1642 1570 1691; x_wconf 81' lang='grc' dir='ltr'><em>λειποψυχοῦντας</em></span> <span class='ocrx_word' id='word_1_209' title='bbox 1586 1637 1705 1695; x_wconf 76' lang='grc' dir='ltr'><em>ἓργά-</em></span> <span class='ocrx_word' id='word_1_210' title='bbox 1764 1677 1768 1687; x_wconf 89' lang='grc'><em>,</em></span> 
     </span>
     <span class='ocr_line' id='line_1_24' title="bbox 283 1703 1705 1761; baseline 0 -14"><span class='ocrx_word' id='word_1_211' title='bbox 283 1721 442 1748; x_wconf 89' lang='grc' dir='ltr'><em>σωνται.</em></span> <span class='ocrx_word' id='word_1_212' title='bbox 488 1704 714 1761; x_wconf 68' lang='grc' dir='ltr'><em>ἐγγιζόντων</em></span> <span class='ocrx_word' id='word_1_213' title='bbox 732 1706 776 1747; x_wconf 79' lang='grc' dir='ltr'><em>δὲ</em></span> <span class='ocrx_word' id='word_1_214' title='bbox 794 1709 851 1760; x_wconf 81' lang='grc' dir='ltr'><em>τῷ</em></span> <span class='ocrx_word' id='word_1_215' title='bbox 873 1703 1115 1760; x_wconf 78' lang='grc' dir='ltr'><em>ἓγκρύμματι</em></span> <span class='ocrx_word' id='word_1_216' title='bbox 1137 1708 1215 1745; x_wconf 84' lang='grc' dir='ltr'><em>τῶν</em></span> <span class='ocrx_word' id='word_1_217' title='bbox 1238 1705 1487 1758; x_wconf 79' lang='grc' dir='ltr'><em>διωκομένων</em></span> <span class='ocrx_word' id='word_1_218' title='bbox 1507 1710 1580 1747; x_wconf 78' lang='grc' dir='ltr'>τοῦ</span> <span class='ocrx_word' id='word_1_219' title='bbox 1602 1709 1705 1747; x_wconf 79' lang='grc' dir='ltr'><em>λαοῦ</em></span> 
     </span>
     <span class='ocr_line' id='line_1_25' title="bbox 281 1770 1705 1829; baseline 0 -16"><span class='ocrx_word' id='word_1_220' title='bbox 281 1770 416 1823; x_wconf 73' lang='grc' dir='ltr'><em>ἧμῶν,</em></span> <span class='ocrx_word' id='word_1_221' title='bbox 455 1771 528 1812; x_wconf 72' lang='grc' dir='ltr'><em>εἴτε</em></span> <span class='ocrx_word' id='word_1_222' title='bbox 553 1773 660 1829; x_wconf 75' lang='grc' dir='ltr'><em>δεξιᾷ</em></span> <span class='ocrx_word' id='word_1_223' title='bbox 677 1772 751 1813; x_wconf 77' lang='grc' dir='ltr'><em>εἴτε</em></span> <span class='ocrx_word' id='word_1_224' title='bbox 772 1770 954 1823; x_wconf 78' lang='grc' dir='ltr'><em>εὐώνυμα</em></span> <span class='ocrx_word' id='word_1_225' title='bbox 979 1771 1246 1812; x_wconf 78' lang='grc' dir='ltr'><em>διελθέτωσαν</em></span> <span class='ocrx_word' id='word_1_226' title='bbox 1260 1784 1270 1793; x_wconf 88' lang='grc'><em>“</em></span> <span class='ocrx_word' id='word_1_227' title='bbox 1291 1772 1360 1812; x_wconf 91' lang='grc' dir='ltr'>ἵνα</span> <span class='ocrx_word' id='word_1_228' title='bbox 1374 1774 1452 1812; x_wconf 68' lang='grc' dir='ltr'><em>’τοῦ</em></span> <span class='ocrx_word' id='word_1_229' title='bbox 1478 1770 1705 1826; x_wconf 76' lang='grc' dir='ltr'><em>ἔγκρύμμα-</em></span> 
     </span>
     <span class='ocr_line' id='line_1_26' title="bbox 250 1834 1768 1910; baseline 0.001 -33"><span class='ocrx_word' id='word_1_230' title='bbox 250 1844 356 1885; x_wconf 71' lang='lat' dir='ltr'>cmg</span> <span class='ocrx_word' id='word_1_231' title='bbox 376 1838 629 1892; x_wconf 78' lang='grc' dir='ltr'><em>ἐξερχομένου</em></span> <span class='ocrx_word' id='word_1_232' title='bbox 647 1838 704 1892; x_wconf 84' lang='grc' dir='ltr'><em>μὴ</em></span> <span class='ocrx_word' id='word_1_233' title='bbox 723 1838 827 1880; x_wconf 81' lang='grc' dir='ltr'><em>κατὰ</em></span> <span class='ocrx_word' id='word_1_234' title='bbox 848 1835 970 1880; x_wconf 87' lang='grc' dir='ltr'><em>τόπον</em></span> <span class='ocrx_word' id='word_1_235' title='bbox 993 1837 1129 1886; x_wconf 84' lang='grc' dir='ltr'><em>αὐτοῖς</em></span> <span class='ocrx_word' id='word_1_236' title='bbox 1154 1834 1429 1891; x_wconf 78' lang='grc' dir='ltr'><em>συναντήσωσι</em></span> <span class='ocrx_word' id='word_1_237' title='bbox 1439 1868 1455 1889; x_wconf 96' lang='grc'><em>,</em></span> <span class='ocrx_word' id='word_1_238' title='bbox 1491 1839 1558 1879; x_wconf 85' lang='grc' dir='ltr'>καὶ</span> <span class='ocrx_word' id='word_1_239' title='bbox 1578 1836 1703 1892; x_wconf 81' lang='grc' dir='ltr'><strong><em>ἀλλή-</em></strong></span> <span class='ocrx_word' id='word_1_240' title='bbox 1712 1844 1768 1910; x_wconf 53' lang='grc' dir='ltr'>25ἒ</span> 
     </span>
    </p>
   </div>
   <div class='ocr_carea' id='block_1_3' title="bbox 275 1962 1768 2763">
    <p class='ocr_par' dir='ltr' id='par_1_3' title="bbox 275 1962 1768 2763">
     <span class='ocr_line' id='line_1_27' title="bbox 281 1962 1704 2009; baseline 0.003 -15"><span class='ocrx_word' id='word_1_241' title='bbox 281 1962 413 2006; x_wconf 82' lang='lat' dir='ltr'>gientes</span> <span class='ocrx_word' id='word_1_242' title='bbox 438 1962 635 1997; x_wconf 80' lang='lat' dir='ltr'>advenerint</span> <span class='ocrx_word' id='word_1_243' title='bbox 654 1966 754 2008; x_wconf 84' lang='lat' dir='ltr'>atque</span> <span class='ocrx_word' id='word_1_244' title='bbox 769 1964 994 2009; x_wconf 72' lang='lat' dir='ltr'><strong>praetervecti</strong></span> <span class='ocrx_word' id='word_1_245' title='bbox 1015 1963 1094 1998; x_wconf 85' lang='lat' dir='ltr'>sint.</span> <span class='ocrx_word' id='word_1_246' title='bbox 1140 1964 1228 1998; x_wconf 87' lang='lat' dir='ltr'>Tum</span> <span class='ocrx_word' id='word_1_247' title='bbox 1253 1963 1350 2008; x_wconf 87' lang='lat' dir='ltr'>ipse,</span> <span class='ocrx_word' id='word_1_248' title='bbox 1372 1963 1408 1997; x_wconf 89' lang='lat' dir='ltr'>in</span> <span class='ocrx_word' id='word_1_249' title='bbox 1428 1963 1542 1998; x_wconf 79' lang='lat' dir='ltr'>hostes</span> <span class='ocrx_word' id='word_1_250' title='bbox 1558 1975 1602 1997; x_wconf 89' lang='lat' dir='ltr'>ex</span> <span class='ocrx_word' id='word_1_251' title='bbox 1618 1963 1704 1998; x_wconf 82' lang='lat' dir='ltr'>insi-</span> 
     </span>
     <span class='ocr_line' id='line_1_28' title="bbox 281 2006 1702 2053; baseline 0.003 -16"><span class='ocrx_word' id='word_1_252' title='bbox 281 2006 346 2038; x_wconf 81' lang='lat' dir='ltr'>diis</span> <span class='ocrx_word' id='word_1_253' title='bbox 364 2017 584 2051; x_wconf 85' lang='lat' dir='ltr'>consurgens,</span> <span class='ocrx_word' id='word_1_254' title='bbox 607 2020 678 2042; x_wconf 89' lang='lat' dir='ltr'>cum</span> <span class='ocrx_word' id='word_1_255' title='bbox 695 2020 755 2042; x_wconf 86' lang='lat' dir='ltr'>sua</span> <span class='ocrx_word' id='word_1_256' title='bbox 770 2021 865 2042; x_wconf 85' lang='lat' dir='ltr'>manu</span> <span class='ocrx_word' id='word_1_257' title='bbox 884 2010 982 2053; x_wconf 83' lang='lat' dir='ltr'>signa</span> <span class='ocrx_word' id='word_1_258' title='bbox 1001 2010 1119 2042; x_wconf 86' lang='lat' dir='ltr'>cursim</span> <span class='ocrx_word' id='word_1_259' title='bbox 1135 2009 1270 2049; x_wconf 79' lang='lat' dir='ltr'>inferat,</span> <span class='ocrx_word' id='word_1_260' title='bbox 1293 2014 1329 2042; x_wconf 88' lang='lat' dir='ltr'>et</span> <span class='ocrx_word' id='word_1_261' title='bbox 1343 2008 1471 2041; x_wconf 76' lang='lat' dir='ltr'>Christi</span> <span class='ocrx_word' id='word_1_262' title='bbox 1492 2008 1643 2051; x_wconf 83' lang='lat' dir='ltr'>potentia</span> <span class='ocrx_word' id='word_1_263' title='bbox 1660 2019 1702 2041; x_wconf 82' lang='lat' dir='ltr'>ae</span> 
     </span>
     <span class='ocr_line' id='line_1_29' title="bbox 281 2051 1703 2097; baseline 0.002 -14"><span class='ocrx_word' id='word_1_264' title='bbox 281 2051 391 2092; x_wconf 80' lang='lat' dir='ltr'>gratia</span> <span class='ocrx_word' id='word_1_265' title='bbox 413 2062 482 2084; x_wconf 87' lang='lat' dir='ltr'>rem</span> <span class='ocrx_word' id='word_1_266' title='bbox 505 2052 591 2085; x_wconf 89' lang='lat' dir='ltr'>bene</span> <span class='ocrx_word' id='word_1_267' title='bbox 612 2057 719 2095; x_wconf 82' lang='lat' dir='ltr'>geret.</span> <span class='ocrx_word' id='word_1_268' title='bbox 762 2054 897 2087; x_wconf 86' lang='lat' dir='ltr'>Etenim</span> <span class='ocrx_word' id='word_1_269' title='bbox 921 2065 992 2087; x_wconf 91' lang='lat' dir='ltr'>cum</span> <span class='ocrx_word' id='word_1_270' title='bbox 1010 2053 1158 2097; x_wconf 81' lang='lat' dir='ltr'>captivos</span> <span class='ocrx_word' id='word_1_271' title='bbox 1182 2053 1306 2093; x_wconf 78' lang='lat' dir='ltr'>faciet,</span> <span class='ocrx_word' id='word_1_272' title='bbox 1328 2057 1397 2085; x_wconf 85' lang='lat' dir='ltr'>tum</span> <span class='ocrx_word' id='word_1_273' title='bbox 1412 2053 1531 2086; x_wconf 85' lang='lat' dir='ltr'>multos</span> <span class='ocrx_word' id='word_1_274' title='bbox 1548 2052 1703 2086; x_wconf 82' lang='lat' dir='ltr'><strong>concidet</strong></span> 
     </span>
     <span class='ocr_line' id='line_1_30' title="bbox 282 2094 1703 2142; baseline 0.003 -16"><span class='ocrx_word' id='word_1_275' title='bbox 282 2099 318 2126; x_wconf 86' lang='lat' dir='ltr'>et</span> <span class='ocrx_word' id='word_1_276' title='bbox 335 2094 531 2128; x_wconf 80' lang='lat' dir='ltr'>vulnerabit.</span> <span class='ocrx_word' id='word_1_277' title='bbox 577 2097 798 2130; x_wconf 84' lang='lat' dir='ltr'>Affiuentibus</span> <span class='ocrx_word' id='word_1_278' title='bbox 813 2106 923 2132; x_wconf 84' lang='lat' dir='ltr'>tamen</span> <span class='ocrx_word' id='word_1_279' title='bbox 943 2098 1046 2142; x_wconf 83' lang='lat' dir='ltr'>magis</span> <span class='ocrx_word' id='word_1_280' title='bbox 1064 2097 1235 2141; x_wconf 74' lang='lat' dir='ltr'><strong>magisque</strong></span> <span class='ocrx_word' id='word_1_281' title='bbox 1253 2096 1418 2137; x_wconf 80' lang='lat' dir='ltr'>hostibus,</span> <span class='ocrx_word' id='word_1_282' title='bbox 1437 2101 1601 2140; x_wconf 74' lang='lat' dir='ltr'>auctaque</span> <span class='ocrx_word' id='word_1_283' title='bbox 1618 2097 1703 2130; x_wconf 87' lang='lat' dir='ltr'>mul-</span> 
     </span>
     <span class='ocr_line' id='line_1_31' title="bbox 280 2138 1768 2186; baseline 0.003 -17"><span class='ocrx_word' id='word_1_284' title='bbox 280 2138 423 2171; x_wconf 83' lang='lat' dir='ltr'>titudine</span> <span class='ocrx_word' id='word_1_285' title='bbox 442 2140 563 2174; x_wconf 87' lang='lat' dir='ltr'>acriter</span> <span class='ocrx_word' id='word_1_286' title='bbox 576 2141 796 2182; x_wconf 83' lang='lat' dir='ltr'>instantibus,</span> <span class='ocrx_word' id='word_1_287' title='bbox 820 2142 970 2186; x_wconf 88' lang='lat' dir='ltr'>captivos</span> <span class='ocrx_word' id='word_1_288' title='bbox 984 2142 1048 2174; x_wconf 85' lang='lat' dir='ltr'>iam</span> <span class='ocrx_word' id='word_1_289' title='bbox 1064 2142 1191 2180; x_wconf 87' lang='lat' dir='ltr'>factos,</span> <span class='ocrx_word' id='word_1_290' title='bbox 1215 2151 1383 2185; x_wconf 83' lang='lat' dir='ltr'><strong>equosque</strong></span> <span class='ocrx_word' id='word_1_291' title='bbox 1399 2151 1511 2174; x_wconf 90' lang='lat' dir='ltr'>eorum</span> <span class='ocrx_word' id='word_1_292' title='bbox 1526 2146 1627 2185; x_wconf 84' lang='lat' dir='ltr'>atque</span> <span class='ocrx_word' id='word_1_293' title='bbox 1646 2152 1704 2174; x_wconf 83' lang='lat' dir='ltr'>ar·-</span> <span class='ocrx_word' id='word_1_294' title='bbox 1761 2144 1768 2184; x_wconf 75' lang='lat'>³.</span> 
     </span>
     <span class='ocr_line' id='line_1_32' title="bbox 281 2182 1768 2229; baseline 0.003 -14"><span class='ocrx_word' id='word_1_295' title='bbox 281 2193 333 2215; x_wconf 88' lang='lat' dir='ltr'>ma</span> <span class='ocrx_word' id='word_1_296' title='bbox 358 2182 528 2223; x_wconf 85' lang='lat' dir='ltr'>remittat,</span> <span class='ocrx_word' id='word_1_297' title='bbox 552 2189 591 2217; x_wconf 85' lang='lat' dir='ltr'>ut</span> <span class='ocrx_word' id='word_1_298' title='bbox 618 2185 825 2219; x_wconf 82' lang='lat' dir='ltr'><strong>deducantur</strong></span> <span class='ocrx_word' id='word_1_299' title='bbox 849 2187 884 2219; x_wconf 89' lang='lat' dir='ltr'>in</span> <span class='ocrx_word' id='word_1_300' title='bbox 906 2186 1011 2219; x_wconf 88' lang='lat' dir='ltr'>locum</span> <span class='ocrx_word' id='word_1_301' title='bbox 1037 2185 1095 2219; x_wconf 88' lang='lat' dir='ltr'>ubi</span> <span class='ocrx_word' id='word_1_302' title='bbox 1111 2185 1179 2218; x_wconf 84' lang='lat' dir='ltr'>dux</span> <span class='ocrx_word' id='word_1_303' title='bbox 1198 2185 1410 2219; x_wconf 85' lang='lat' dir='ltr'>subsidiatur.</span> <span class='ocrx_word' id='word_1_304' title='bbox 1454 2184 1532 2229; x_wconf 81' lang='lat' dir='ltr'>Ipse</span> <span class='ocrx_word' id='word_1_305' title='bbox 1550 2197 1624 2219; x_wconf 81' lang='lat' dir='ltr'>oum</span> <span class='ocrx_word' id='word_1_306' title='bbox 1641 2197 1703 2220; x_wconf 78' lang='lat' dir='ltr'>sua</span> <span class='ocrx_word' id='word_1_307' title='bbox 1763 2185 1768 2226; x_wconf 71' lang='lat' dir='ltr'>i</span> 
     </span>
     <span class='ocr_line' id='line_1_33' title="bbox 280 2228 1768 2273; baseline 0.004 -15"><span class='ocrx_word' id='word_1_308' title='bbox 280 2237 377 2259; x_wconf 85' lang='lat' dir='ltr'>manu</span> <span class='ocrx_word' id='word_1_309' title='bbox 406 2228 548 2260; x_wconf 82' lang='lat' dir='ltr'>servatis</span> <span class='ocrx_word' id='word_1_310' title='bbox 574 2229 745 2262; x_wconf 80' lang='lat' dir='ltr'>ordinibus</span> <span class='ocrx_word' id='word_1_311' title='bbox 771 2232 927 2270; x_wconf 79' lang='lat' dir='ltr'>recedat,</span> <span class='ocrx_word' id='word_1_312' title='bbox 950 2232 1062 2263; x_wconf 81' lang='lat' dir='ltr'>hostes</span> <span class='ocrx_word' id='word_1_313' title='bbox 1087 2230 1129 2262; x_wconf 86' lang='lat' dir='ltr'>ad</span> <span class='ocrx_word' id='word_1_314' title='bbox 1156 2229 1418 2273; x_wconf 83' lang='lat' dir='ltr'>persequendum</span> <span class='ocrx_word' id='word_1_315' title='bbox 1443 2228 1580 2263; x_wconf 81' lang='lat' dir='ltr'>irritans</span> <span class='ocrx_word' id='word_1_316' title='bbox 1599 2241 1619 2262; x_wconf 85' lang='lat' dir='ltr'>a</span> <span class='ocrx_word' id='word_1_317' title='bbox 1660 2241 1703 2264; x_wconf 85' lang='lat' dir='ltr'>ue</span> <span class='ocrx_word' id='word_1_318' title='bbox 1764 2228 1768 2269; x_wconf 70' lang='grc' dir='ltr'><em>Ξ</em></span> 
     </span>
     <span class='ocr_line' id='line_1_34' title="bbox 277 2269 1768 2338; baseline 0.003 -36"><span class='ocrx_word' id='word_1_319' title='bbox 277 2269 505 2313; x_wconf 82' lang='lat' dir='ltr'>intelligenter</span> <span class='ocrx_word' id='word_1_320' title='bbox 530 2272 697 2305; x_wconf 77' lang='lat' dir='ltr'>alliciens:</span> <span class='ocrx_word' id='word_1_321' title='bbox 720 2285 828 2318; x_wconf 87' lang='lat' dir='ltr'>neque</span> <span class='ocrx_word' id='word_1_322' title='bbox 850 2275 1022 2319; x_wconf 86' lang='lat' dir='ltr'>quisquam</span> <span class='ocrx_word' id='word_1_323' title='bbox 1051 2274 1182 2307; x_wconf 64' lang='lat' dir='ltr'>ex&#39;eius</span> <span class='ocrx_word' id='word_1_324' title='bbox 1201 2278 1310 2307; x_wconf 88' lang='lat' dir='ltr'>turma</span> <span class='ocrx_word' id='word_1_325' title='bbox 1333 2274 1438 2314; x_wconf 84' lang='lat' dir='ltr'>sciat,</span> <span class='ocrx_word' id='word_1_326' title='bbox 1461 2274 1582 2318; x_wconf 88' lang='lat' dir='ltr'>quibus</span> <span class='ocrx_word' id='word_1_327' title='bbox 1600 2274 1634 2306; x_wconf 90' lang='lat' dir='ltr'>in</span> <span class='ocrx_word' id='word_1_328' title='bbox 1662 2285 1701 2307; x_wconf 90' lang='lat' dir='ltr'>o-</span> <span class='ocrx_word' id='word_1_329' title='bbox 1762 2286 1768 2338; x_wconf 58' lang='lat'><strong>¹</strong></span> 
     </span>
     <span class='ocr_line' id='line_1_35' title="bbox 280 2313 1701 2363; baseline 0.005 -18"><span class='ocrx_word' id='word_1_330' title='bbox 280 2313 329 2346; x_wconf 87' lang='lat' dir='ltr'>cis</span> <span class='ocrx_word' id='word_1_331' title='bbox 343 2314 481 2347; x_wconf 80' lang='lat' dir='ltr'>insidiae</span> <span class='ocrx_word' id='word_1_332' title='bbox 497 2326 569 2349; x_wconf 88' lang='lat' dir='ltr'>cum</span> <span class='ocrx_word' id='word_1_333' title='bbox 592 2317 675 2349; x_wconf 83' lang='lat' dir='ltr'>duce</span> <span class='ocrx_word' id='word_1_334' title='bbox 690 2317 816 2351; x_wconf 86' lang='lat' dir='ltr'>lateant</span> <span class='ocrx_word' id='word_1_335' title='bbox 826 2343 836 2358; x_wconf 90' lang='lat'><strong>‚</strong></span> <span class='ocrx_word' id='word_1_336' title='bbox 860 2323 995 2363; x_wconf 84' lang='lat' dir='ltr'>praeter</span> <span class='ocrx_word' id='word_1_337' title='bbox 1012 2319 1118 2362; x_wconf 88' lang='lat' dir='ltr'>ipsum</span> <span class='ocrx_word' id='word_1_338' title='bbox 1133 2319 1348 2361; x_wconf 81' lang='lat' dir='ltr'>praefectum.</span> <span class='ocrx_word' id='word_1_339' title='bbox 1394 2318 1556 2352; x_wconf 72' lang='lat' dir='ltr'>Hostibus</span> <span class='ocrx_word' id='word_1_340' title='bbox 1570 2318 1701 2352; x_wconf 36' lang='lat' dir='ltr'>inc-uns</span> 
     </span>
     <span class='ocr_line' id='line_1_36' title="bbox 279 2357 1702 2415; baseline 0.005 -25"><span class='ocrx_word' id='word_1_341' title='bbox 279 2357 434 2391; x_wconf 76' lang='lat' dir='ltr'>bentibus</span> <span class='ocrx_word' id='word_1_342' title='bbox 455 2358 488 2391; x_wconf 91' lang='lat' dir='ltr'>ei</span> <span class='ocrx_word' id='word_1_343' title='bbox 510 2370 629 2403; x_wconf 84' lang='lat' dir='ltr'>magno</span> <span class='ocrx_word' id='word_1_344' title='bbox 653 2372 805 2403; x_wconf 87' lang='lat' dir='ltr'>numero,</span> <span class='ocrx_word' id='word_1_345' title='bbox 828 2363 1013 2406; x_wconf 81' lang='lat' dir='ltr'>rapideque</span> <span class='ocrx_word' id='word_1_346' title='bbox 1036 2362 1309 2407; x_wconf 79' lang='lat' dir='ltr'>insequentibus,</span> <span class='ocrx_word' id='word_1_347' title='bbox 1331 2366 1495 2415; x_wconf 86' lang='lat' dir='ltr'>quotquot</span> <span class='ocrx_word' id='word_1_348' title='bbox 1519 2362 1648 2396; x_wconf 85' lang='lat' dir='ltr'>strenui</span> <span class='ocrx_word' id='word_1_349' title='bbox 1665 2365 1702 2397; x_wconf 81' lang='lat' dir='ltr'>et</span> 
     </span>
     <span class='ocr_line' id='line_1_37' title="bbox 279 2402 1701 2451; baseline 0.004 -16"><span class='ocrx_word' id='word_1_350' title='bbox 279 2402 385 2436; x_wconf 83' lang='lat' dir='ltr'>fortes</span> <span class='ocrx_word' id='word_1_351' title='bbox 410 2406 506 2444; x_wconf 87' lang='lat' dir='ltr'>sunt,</span> <span class='ocrx_word' id='word_1_352' title='bbox 529 2407 564 2437; x_wconf 88' lang='lat' dir='ltr'>et</span> <span class='ocrx_word' id='word_1_353' title='bbox 597 2405 690 2448; x_wconf 89' lang='lat' dir='ltr'>equis</span> <span class='ocrx_word' id='word_1_354' title='bbox 717 2406 902 2440; x_wconf 83' lang='lat' dir='ltr'>valentibus</span> <span class='ocrx_word' id='word_1_355' title='bbox 922 2408 1104 2446; x_wconf 84' lang='lat' dir='ltr'>vehuntur,</span> <span class='ocrx_word' id='word_1_356' title='bbox 1127 2417 1164 2440; x_wconf 87' lang='lat' dir='ltr'>se</span> <span class='ocrx_word' id='word_1_357' title='bbox 1193 2411 1400 2447; x_wconf 79' lang='lat' dir='ltr'>convertant,</span> <span class='ocrx_word' id='word_1_358' title='bbox 1422 2410 1701 2451; x_wconf 70' lang='lat' dir='ltr'>insequentesque</span> 
     </span>
     <span class='ocr_line' id='line_1_38' title="bbox 279 2446 1701 2495; baseline 0.004 -17"><span class='ocrx_word' id='word_1_359' title='bbox 279 2446 421 2480; x_wconf 75' lang='lat' dir='ltr'>feriant:</span> <span class='ocrx_word' id='word_1_360' title='bbox 443 2458 509 2491; x_wconf 91' lang='lat' dir='ltr'>quo</span> <span class='ocrx_word' id='word_1_361' title='bbox 537 2452 573 2481; x_wconf 88' lang='lat' dir='ltr'>et</span> <span class='ocrx_word' id='word_1_362' title='bbox 589 2460 667 2481; x_wconf 89' lang='lat' dir='ltr'>suos</span> <span class='ocrx_word' id='word_1_363' title='bbox 682 2450 812 2483; x_wconf 86' lang='lat' dir='ltr'>saucios</span> <span class='ocrx_word' id='word_1_364' title='bbox 830 2454 1044 2491; x_wconf 84' lang='lat' dir='ltr'>conservent,</span> <span class='ocrx_word' id='word_1_365' title='bbox 1068 2455 1103 2484; x_wconf 85' lang='lat' dir='ltr'>et</span> <span class='ocrx_word' id='word_1_366' title='bbox 1126 2451 1313 2495; x_wconf 72' lang='lat' dir='ltr'>siquorum</span> <span class='ocrx_word' id='word_1_367' title='bbox 1331 2451 1477 2485; x_wconf 84' lang='lat' dir='ltr'>iumenta</span> <span class='ocrx_word' id='word_1_368' title='bbox 1495 2455 1554 2485; x_wconf 79' lang='lat' dir='ltr'>aut</span> <span class='ocrx_word' id='word_1_369' title='bbox 1566 2450 1701 2484; x_wconf 78' lang='lat' dir='ltr'>defessa</span> 
     </span>
     <span class='ocr_line' id='line_1_39' title="bbox 279 2491 1700 2539; baseline 0.004 -17"><span class='ocrx_word' id='word_1_370' title='bbox 279 2495 338 2523; x_wconf 87' lang='lat' dir='ltr'>aut</span> <span class='ocrx_word' id='word_1_371' title='bbox 354 2491 527 2525; x_wconf 84' lang='lat' dir='ltr'>vulnerata</span> <span class='ocrx_word' id='word_1_372' title='bbox 541 2492 620 2532; x_wconf 90' lang='lat' dir='ltr'>sint,</span> <span class='ocrx_word' id='word_1_373' title='bbox 637 2493 690 2526; x_wconf 92' lang='lat' dir='ltr'>his</span> <span class='ocrx_word' id='word_1_374' title='bbox 705 2494 898 2528; x_wconf 81' lang='lat' dir='ltr'>facultatem</span> <span class='ocrx_word' id='word_1_375' title='bbox 918 2494 1134 2539; x_wconf 82' lang='lat' dir='ltr'>suppeditent</span> <span class='ocrx_word' id='word_1_376' title='bbox 1149 2495 1215 2528; x_wconf 82' lang='lat' dir='ltr'>alia</span> <span class='ocrx_word' id='word_1_377' title='bbox 1232 2495 1485 2529; x_wconf 74' lang='lat' dir='ltr'>conscendendi.</span> <span class='ocrx_word' id='word_1_378' title='bbox 1508 2495 1630 2529; x_wconf 78' lang='lat' dir='ltr'>Postea</span> <span class='ocrx_word' id='word_1_379' title='bbox 1644 2505 1700 2527; x_wconf 86' lang='lat' dir='ltr'>re-</span> 
     </span>
     <span class='ocr_line' id='line_1_40' title="bbox 278 2534 1700 2583; baseline 0.004 -17"><span class='ocrx_word' id='word_1_380' title='bbox 278 2534 386 2567; x_wconf 84' lang='lat' dir='ltr'>missis</span> <span class='ocrx_word' id='word_1_381' title='bbox 406 2536 543 2569; x_wconf 83' lang='lat' dir='ltr'>habenis</span> <span class='ocrx_word' id='word_1_382' title='bbox 566 2548 587 2570; x_wconf 87' lang='lat' dir='ltr'>a</span> <span class='ocrx_word' id='word_1_383' title='bbox 609 2539 884 2582; x_wconf 85' lang='lat' dir='ltr'>persequentibus</span> <span class='ocrx_word' id='word_1_384' title='bbox 908 2539 1148 2583; x_wconf 80' lang='lat' dir='ltr'>aliquantulum</span> <span class='ocrx_word' id='word_1_385' title='bbox 1173 2540 1294 2573; x_wconf 87' lang='lat' dir='ltr'>cursim</span> <span class='ocrx_word' id='word_1_386' title='bbox 1318 2551 1357 2573; x_wconf 88' lang='lat' dir='ltr'>se</span> <span class='ocrx_word' id='word_1_387' title='bbox 1373 2541 1583 2573; x_wconf 69' lang='lat' dir='ltr'>removeant:</span> <span class='ocrx_word' id='word_1_388' title='bbox 1605 2541 1645 2571; x_wconf 86' lang='lat' dir='ltr'>ut</span> <span class='ocrx_word' id='word_1_389' title='bbox 1663 2540 1700 2571; x_wconf 87' lang='lat' dir='ltr'>et</span> 
     </span>
     <span class='ocr_line' id='line_1_41' title="bbox 277 2578 1699 2634; baseline 0.005 -23"><span class='ocrx_word' id='word_1_390' title='bbox 277 2578 485 2613; x_wconf 86' lang='lat' dir='ltr'>incumbente</span> <span class='ocrx_word' id='word_1_391' title='bbox 512 2580 576 2614; x_wconf 86' lang='lat' dir='ltr'>sibi</span> <span class='ocrx_word' id='word_1_392' title='bbox 594 2581 735 2615; x_wconf 86' lang='lat' dir='ltr'>hostium</span> <span class='ocrx_word' id='word_1_393' title='bbox 758 2583 794 2615; x_wconf 85' lang='lat' dir='ltr'>vi</span> <span class='ocrx_word' id='word_1_394' title='bbox 820 2583 954 2627; x_wconf 86' lang='lat' dir='ltr'>paulum</span> <span class='ocrx_word' id='word_1_395' title='bbox 972 2583 1143 2623; x_wconf 80' lang='lat' dir='ltr'>leventur,</span> <span class='ocrx_word' id='word_1_396' title='bbox 1165 2588 1199 2617; x_wconf 88' lang='lat' dir='ltr'>et</span> <span class='ocrx_word' id='word_1_397' title='bbox 1225 2583 1275 2617; x_wconf 84' lang='lat' dir='ltr'>illi</span> <span class='ocrx_word' id='word_1_398' title='bbox 1292 2594 1407 2627; x_wconf 89' lang='lat' dir='ltr'>equos,</span> <span class='ocrx_word' id='word_1_399' title='bbox 1433 2583 1477 2617; x_wconf 80' lang='lat' dir='ltr'>ad</span> <span class='ocrx_word' id='word_1_400' title='bbox 1555 2593 1699 2634; x_wconf 72' lang='lat' dir='ltr'>sequeu-</span> 
     </span>
     <span class='ocr_line' id='line_1_42' title="bbox 277 2622 1699 2667; baseline 0.004 -13"><span class='ocrx_word' id='word_1_401' title='bbox 277 2622 353 2655; x_wconf 86' lang='lat' dir='ltr'>dum</span> <span class='ocrx_word' id='word_1_402' title='bbox 376 2623 573 2659; x_wconf 78' lang='lat' dir='ltr'>festinanter</span> <span class='ocrx_word' id='word_1_403' title='bbox 598 2625 777 2667; x_wconf 55' lang='lat' dir='ltr'>admisci,</span> <span class='ocrx_word' id='word_1_404' title='bbox 798 2627 994 2660; x_wconf 77' lang='lat' dir='ltr'>lassitudine</span> <span class='ocrx_word' id='word_1_405' title='bbox 1009 2627 1188 2662; x_wconf 84' lang='lat' dir='ltr'>conficiant</span> <span class='ocrx_word' id='word_1_406' title='bbox 1209 2632 1244 2661; x_wconf 89' lang='lat' dir='ltr'>et</span> <span class='ocrx_word' id='word_1_407' title='bbox 1261 2628 1458 2661; x_wconf 71' lang='lat' dir='ltr'>exaniment.</span> <span class='ocrx_word' id='word_1_408' title='bbox 1539 2630 1624 2659; x_wconf 85' lang='lat' dir='ltr'>ostn</span> <span class='ocrx_word' id='word_1_409' title='bbox 1644 2626 1699 2659; x_wconf 75' lang='lat' dir='ltr'>fu-</span> 
     </span>
     <span class='ocr_line' id='line_1_43' title="bbox 277 2666 1700 2722; baseline 0.004 -23"><span class='ocrx_word' id='word_1_410' title='bbox 277 2666 407 2708; x_wconf 84' lang='lat' dir='ltr'>gientes</span> <span class='ocrx_word' id='word_1_411' title='bbox 431 2667 567 2702; x_wconf 85' lang='lat' dir='ltr'>latibulo</span> <span class='ocrx_word' id='word_1_412' title='bbox 594 2670 898 2722; x_wconf 77' lang='lat' dir='ltr'>appropinquantes</span> <span class='ocrx_word' id='word_1_413' title='bbox 921 2671 976 2703; x_wconf 85' lang='lat' dir='ltr'>vel</span> <span class='ocrx_word' id='word_1_414' title='bbox 998 2671 1117 2705; x_wconf 84' lang='lat' dir='ltr'>dextra</span> <span class='ocrx_word' id='word_1_415' title='bbox 1143 2672 1198 2705; x_wconf 84' lang='lat' dir='ltr'>vel</span> <span class='ocrx_word' id='word_1_416' title='bbox 1222 2671 1320 2706; x_wconf 82' lang='lat' dir='ltr'>laeva</span> <span class='ocrx_word' id='word_1_417' title='bbox 1347 2673 1538 2705; x_wconf 78' lang='lat' dir='ltr'>transeant:</span> <span class='ocrx_word' id='word_1_418' title='bbox 1558 2681 1602 2704; x_wconf 89' lang='lat' dir='ltr'>ne</span> <span class='ocrx_word' id='word_1_419' title='bbox 1619 2681 1700 2714; x_wconf 85' lang='lat' dir='ltr'>pro-</span> 
     </span>
     <span class='ocr_line' id='line_1_44' title="bbox 275 2712 1701 2763; baseline 0.004 -20"><span class='ocrx_word' id='word_1_420' title='bbox 275 2712 502 2754; x_wconf 81' lang='lat' dir='ltr'>rumpentibus</span> <span class='ocrx_word' id='word_1_421' title='bbox 517 2713 651 2749; x_wconf 75' lang='lat' dir='ltr'>insidiis</span> <span class='ocrx_word' id='word_1_422' title='bbox 664 2714 779 2750; x_wconf 87' lang='lat' dir='ltr'>eodem</span> <span class='ocrx_word' id='word_1_423' title='bbox 796 2715 869 2750; x_wconf 87' lang='lat' dir='ltr'>loco</span> <span class='ocrx_word' id='word_1_424' title='bbox 888 2720 1075 2759; x_wconf 78' lang='lat' dir='ltr'>occurrant,</span> <span class='ocrx_word' id='word_1_425' title='bbox 1097 2715 1228 2763; x_wconf 84' lang='lat' dir='ltr'>sibique</span> <span class='ocrx_word' id='word_1_426' title='bbox 1241 2715 1330 2751; x_wconf 86' lang='lat' dir='ltr'>inter</span> <span class='ocrx_word' id='word_1_427' title='bbox 1349 2727 1387 2749; x_wconf 85' lang='lat' dir='ltr'>se</span> <span class='ocrx_word' id='word_1_428' title='bbox 1401 2714 1511 2750; x_wconf 72' lang='lat' dir='ltr'>fraudi</span> <span class='ocrx_word' id='word_1_429' title='bbox 1530 2713 1609 2748; x_wconf 86' lang='lat' dir='ltr'>sint.</span> <span class='ocrx_word' id='word_1_430' title='bbox 1653 2715 1701 2749; x_wconf 81' lang='lat' dir='ltr'>At</span> 
     </span>
    </p>
   </div>
   <div class='ocr_carea' id='block_1_4' title="bbox 1759 2524 1768 2870">
    <p class='ocr_par' dir='ltr' id='par_1_4' title="bbox 1759 2524 1768 2870">
     <span class='ocr_line' id='line_1_45' title="bbox 1759 2524 1768 2870; textangle 90"><span class='ocrx_word' id='word_1_431' title='bbox 1762 2829 1768 2870; x_wconf 37' lang='grc' dir='ltr'>«κῃ</span> <span class='ocrx_word' id='word_1_432' title='bbox 1759 2555 1768 2814; x_wconf 43' lang='lat' dir='ltr'>..dna-mmmm</span> <span class='ocrx_word' id='word_1_433' title='bbox 1764 2524 1768 2530; x_wconf 83' lang='lat'>.</span> 
     </span>
    </p>
   </div>
  </div>
 </body>
</html>
