1722 3042
269 179 328 211 xx
843 166 892 209 C.
919 167 965 210 B.
993 163 1145 208 HASII

269 274 413 325 donio,
442 273 699 326 Chrysolora,
728 270 935 310 Theodoro
957 269 1083 318 Gaza,
1113 265 1381 319 Chalcondyla
1391 278 1409 314 ‚'
1432 266 1486 306 id*
1505 278 1626 318 genus
1656 263 1688 298 ι’

271 342 388 382 cendi
416 346 593 393 spretum
627 345 684 378 est
710 352 756 376 ac
782 338 998 390 repulsum.
1055 335 1182 374 Simul
1204 333 1326 372 iidem
1351 332 1472 385 primi
1499 345 1668 385 coeperu
1692 349 1697 364 ·.

147 410 187 444 P·
208 410 254 443 IX
275 410 404 448 minus
428 407 624 447 serviliter
651 412 827 444 veterum
854 405 1005 456 stylum
1033 416 1082 441 ac
1110 400 1311 440 scribendi
1337 401 1532 439 rationem
1552 399 1662 438 imita

268 477 366 516 Nam
390 481 491 524 ante,
509 473 631 514 veluti
653 478 830 511 emortua
848 472 993 522 lingua,
1016 470 1092 509 sibi
1108 469 1186 522 ipsi
1206 467 1441 507 diffidebant
1460 468 1542 507 fere
1557 481 1683 505 omn·
1701 489 1712 508 ς

271 550 312 583 et
336 548 449 581 erant
462 548 648 593 tanquam
664 538 840 577 anniculi
857 539 1041 587 infantes,
1071 536 1138 588 qui
1154 534 1314 574 nonnisi
1330 535 1375 573 in
1394 533 1618 584 curriculo,
1649 548 1668 571 a
1695 555 1698 558 <

271 615 482 664 praeeunte
512 609 632 658 duce,
660 605 917 645 inambulant.
972 605 1061 643 Non
1087 617 1299 656 perennem
1318 615 1364 640 ac
1382 607 1614 655 perpetuam

273 677 509 729 simplicium
530 681 614 713 tum
636 674 916 712 collocatorum
940 673 1149 711 verborum
1174 678 1215 710 et
1230 671 1353 710 totius
1369 674 1592 708 structurae
1617 680 1696 706 con

275 744 502 783 cinnitatem
528 753 813 791 numerumque
843 739 1165 788 aemulabantur,
1192 752 1275 777 non
1305 737 1442 789 (quod
1461 740 1581 788 caput
1608 739 1700 773 erae>

274 812 424 850 animos
458 815 607 848 erectos
626 813 800 846 veterum
809 796 918 845 ised
938 807 972 844 si
992 820 1089 858 quos
1109 805 1385 859 existimabant
1407 803 1624 842 imitatione
1643 801 1719 840 di.

275 893 393 930 gnos,
422 891 555 916 eorum
585 874 745 927 phrases
773 873 950 925 undique
981 879 1154 926 arreptas
1173 872 1224 911 ad
1245 871 1410 912 verbum
1433 870 1670 910 transfereba

274 946 317 984 in
359 944 522 998 propria
558 943 717 993 scripta.
772 941 903 992 Neque
934 940 1009 978 alio
1038 946 1157 992 pacto
1184 941 1262 978 Leo
1294 940 1384 990 egit.
1441 939 1718 980 Verumtame

273 1013 379 1052 inter
409 1025 497 1050 eum
529 1015 567 1049 et
597 1009 774 1060 aequales
802 1007 922 1060 ipsius
954 1007 1058 1045 illud
1083 1007 1268 1057 interest,
1299 1006 1406 1058 quod
1431 1000 1498 1056 lii,
1528 1010 1720 1058 quantur-

274 1085 457 1132 possent,
488 1090 621 1116 omnes
637 1075 923 1128 propemodum
940 1075 1116 1112 omnium
1133 1081 1339 1112 auctorum
1356 1073 1550 1112 nobilium
1569 1084 1693 1111 consu
1707 1074 1716 1123 ᾗ

276 1152 429 1185 merent
456 1144 608 1183 arculas
636 1143 848 1192 imitando,
877 1142 1016 1180 Leonis
1045 1155 1172 1180 sermo
1189 1155 1209 1179 e
1226 1141 1352 1179 tribus
1371 1141 1525 1179 demum
1540 1138 1669 1178 fontib
1704 1136 1706 1138 ’

274 1213 461 1262 fluxerit,
490 1225 541 1250 ex
559 1210 738 1249 versione
753 1224 850 1248 Lxx.
870 1209 1131 1261 interpretum
1157 1209 1298 1260 (libros
1322 1207 1418 1246 novi
1438 1207 1625 1246 Foederis
1655 1225 1675 1240 ι·
1687 1205 1699 1214 '

274 1293 351 1318 nus
373 1279 509 1318 crebro
539 1274 766 1331 compilat),
797 1291 846 1315 ex
866 1277 1060 1325 Homero,
1091 1289 1141 1314 ex
1156 1274 1319 1326 Agathia
1337 1273 1704 1326 Myrinensi.1n·5

274 1345 450 1398 piscatus
472 1350 530 1383 est
544 1344 778 1394 locutiones,
807 1343 949 1395 quibus
969 1343 1116 1394 scripta
1135 1341 1294 1380 infercit
1312 1347 1350 1380 et
1367 1343 1500 1393 explet
1520 1355 1605 1391 sua,
1657 1360 1662 1373 ι
1692 1347 1695 1350 ’

277 1425 394 1463 quam
424 1411 467 1448 in
498 1424 623 1448 unum
652 1424 788 1460 agrum
814 1411 932 1462 plura
964 1409 1069 1447 inter
1103 1423 1144 1447 se
1164 1408 1324 1447 inimica
1353 1423 1536 1461 spargens
1557 1409 1693 1448 semin·

276 1477 353 1516 Sed
383 1490 465 1515 non
491 1477 613 1515 refert
638 1476 763 1514 alieno
784 1482 928 1515 ornatu
952 1475 1191 1526 distinguere
1222 1489 1440 1514 sermonem
1449 1477 1568 1530 ‚puisi
1597 1490 1700 1528 que

277 1544 323 1583 id
353 1557 442 1582 cum
470 1543 618 1582 iudicio
638 1550 804 1596 apteque
835 1544 979 1582 facere:
1007 1543 1215 1594 minusque
1234 1557 1354 1594 genus
1374 1544 1531 1584 dicendi
1551 1545 1634 1584 eius
1681 1533 1700 1553 ὦ

279 1600 748 1663 deretur-«inconcinnum,
771 1612 816 1660 si,
846 1610 1024 1662 deposito
1045 1611 1150 1649 omni
1169 1611 1383 1649 rhetorices
1403 1611 1588 1664 strepitu,
1619 1612 1719 1649 Con

279 2142 468 2181 ieiuniore
498 2144 601 2194 stylo
633 2158 694 2182 res
713 2151 928 2195 tractante,
957 2145 1060 2183 nih11
1076 2146 1233 2186 videtur
1253 2148 1432 2186 sumsisse
1449 2155 1607 2200 praeter
1625 2151 1709 2198 senf‘

280 2209 465 2247 tentiolas
495 2211 702 2261 quasdam,
732 2213 895 2251 exordio
917 2218 956 2250 et
977 2213 1216 2252 orationibus
1235 2206 1379 2267 passim
1400 2215 1578 2257 insertas.
1633 2216 1670 2255 N
1680 2215 1709 2255 ἶ

281 2288 359 2326 que
378 2289 539 2326 usquam
556 2277 638 2314 ullo
665 2279 829 2329 vestigio
848 2279 1137 2340 ‹leprehendere
1156 2283 1262 2332 licet,
1281 2283 1487 2334 primarios
1506 2283 1654 2336 scripto
1685 2293 1718 2316 »ἱ

279 2341 575 2392 Thucydidem,
607 2344 832 2396 Polybium,
861 2347 1139 2397 Plutarchum,
1167 2349 1215 2386 ab
1247 2363 1291 2386 eo
1319 2363 1402 2387 esse
1432 2351 1704 2402 pervolutato

281 2409 483 2447 Praeterea
511 2409 678 2461 reperies
701 2411 744 2448 in
769 2425 813 2449 eo
845 2414 1076 2465 plerumque
1093 2419 1270 2464 τοιοῦτος
1288 2417 1479 2467 positum,
1507 2418 1577 2457 ubi
1594 2418 1702 2457 Attiu

282 2471 397 2523 οὗτος
420 2476 680 2527 scripsissent.
717 2478 924 2518 ‘Similiter
958 2494 1072 2518 usum
1101 2483 1380 2522 creberrimum
1413 2485 1712 2538 praepositioa'

279 2540 399 2587 κατᾶ,
430 2556 503 2594 pro
519 2542 581 2583 ἐν·
609 2544 742 2594 velut,
771 2551 817 2583 ut
840 2545 919 2585 hoc
944 2554 1056 2596 utar,
1088 2551 1180 2590 108.
1210 2551 1250 2588 C.
1271 2555 1354 2598 τοῖς
1370 2549 1470 2592 nato?
1491 2549 1566 2604 τήν
1581 2548 1678 2593 ’Am'n
1694 2562 1701 2565 “

282 2604 548 2659 στασιάζουσι,
584 2610 864 2649 rebellantibus
893 2615 936 2651 in
962 2615 1083 2657 Asia.
1140 2615 1284 2654 Verum
1313 2616 1413 2655 haec
1442 2618 1478 2656 ei
1496 2613 1701 2657 communi¹

284 2686 373 2711 cum
393 2677 553 2715 caeteris
564 2677 802 2728 Byzantinis.
828 2680 933 2718 Illud
952 2682 1162 2733 peculiare,
1182 2697 1328 2735 ponere
1346 2684 1588 2724 infinitivum
1610 2686 1652 2724 fu

280 2739 335 2788 ri,
358 2740 427 2778 ubi
448 2743 581 2781 aoristi
597 2745 662 2783 vel
675 2748 891 2797 praesentis
914 2755 1132 2813 exspectes,
1159 2750 1373 2802 praecipue
1387 2758 1479 2804 post
1497 2748 1701 2805 βοόλεσθ
