1768 3034
300 125 368 172 ‘78
661 184 665 191 ,
783 132 985 178 LEONIS
1011 134 1250 179 mAcoNl

87 245 124 278 Α.
142 246 186 278 Μ.
205 244 294 280 6477
304 236 428 297 κόρῃ,
465 236 512 283 ὃν
531 240 597 282 καὶ
622 239 822 295 ὃμαίμονα
838 238 1069 299 προσήκατο
1092 242 1227 299 φιλίας
1241 246 1433 299 θεσμοῖς,
1468 241 1603 301 ἐχώρει
1624 244 1728 288 κατὰ
1766 286 1768 300 4

131 293 196 325 ¹¹¹⁶·
217 293 261 327 ¹2
304 310 477 350 Μυσῶν.
527 306 618 364 ἅρτι
646 309 690 350 δὲ
715 310 1014 366 παραπλέοντος
1041 309 1113 352 τὸν
1130 309 1312 366 Ἴστρον,
1348 312 1416 353 καὶ
1437 312 1539 368 πρὸς
1564 313 1638 367 τὴν
1664 315 1728 354 ἐπὶ

260 379 373 429 Βτῆς
398 373 561 431 ἠπείρου
590 373 791 429 ἀπόβασιν
816 376 1088 431 ἐπειγομένου,
1126 376 1362 431 αἰσθόμενοι
1392 377 1440 420 τὸ
1460 376 1663 435 δρώμενον
1688 380 1729 422 οἳ
1767 368 1768 372 ¹

295 444 463 494 Μυσοὶ,
501 443 556 491 εἷς
582 444 826 499 τρισμυρίων
854 444 1012 499 ἀνδρῶν
1035 444 1305 500 συναγομένην
1323 442 1510 501 φάλαγγα
1530 447 1727 488 συνασπί-

294 525 438 558 σαντες
462 506 714 564 ὗπηντίαζον.
769 509 865 552 ἀλλ’
897 511 1221 568 ἐρρωμενέστατα
1248 516 1331 554 τῶν
1357 513 1592 569 πορθμείων
1620 513 1759 556 ἄπο-5

291 574 439 631 βάντες
459 576 497 618 οἳ
521 580 699 633 Ταῦροι,
735 575 790 619 τά
816 595 858 621 τε
887 577 990 633 σάκη
1018 577 1308 635 προβαλόντες,
1345 579 1482 622 καὶτὰ
1503 581 1597 636 ξίφη
1617 596 1724 623 σπα-

295 641 483 698 σάμενοι,
522 641 821 701 ἐπιστροφάδην
855 646 1049 700 ἐπληττον
1075 646 1169 695 τοὺς
1201 644 1389 695 Μυσούς.
1449 647 1488 688 οἱ
1516 648 1584 700 δὲ,
1619 648 1725 702 μηδὲ

295 711 370 764 τὴν
386 708 549 766 πρώτην
567 710 694 767 ῥοπὴν
717 710 954 767 ἐνεγκόντες,
992 715 1046 762 εἷς
1065 714 1282 769 φυγαδειάν
1300 711 1519 769 ἐτράποντο
1539 716 1605 756 καὶ
1621 715 1724 771 πρὸς

297 777 345 819 τὸ
365 776 626 834 Δορύστολον
645 779 808 835 (ἐχυρὸν
824 781 868 821 δὲ
886 778 1078 836 φρούριον
1097 784 1216 822 τοῦτο
1234 781 1415 838 Μυσῶν)
1438 781 1609 836 ἀγεννῶς
1626 798 1723 824 συν-

169 844 210 877 Ρ·
233 841 277 880 48
301 846 505 888 εκλειόντο.
553 850 770 900 τηνικαῦτα
796 847 846 901 δὴ
873 847 1022 902 λέγεται
1050 849 1117 888 καὶ
1139 847 1320 905 Πέτρον,
1356 848 1427 889 τὸν
1446 846 1625 904 ἡγήτορα
1643 853 1724 891 τῶν
1735 859 1768 894 1(

299 914 485 965 Μυσῶν,
524 911 653 969 ἄνδρα
680 917 852 969 θεοφιλῆ
877 916 942 955 καὶ
972 912 1214 967 σεβάσμιον,
1251 918 1308 972 τῷ
1338 913 1627 972 ἀπροσδοκήτῳ
1651 920 1725 971 τῆς

297 983 450 1035 τροπῆς
468 978 806 1035 περιαλγήσαντα,
835 981 1048 1035 ἐπιληψίας
1070 980 1207 1029 πάθος
1226 988 1466 1037 περιπεσεῖν,
1504 983 1570 1023 καὶ
1591 982 1723 1038 ὀλίγον

297 1044 564 1100 ἐπιβιώσαντα
574 1079 588 1098 ,
625 1051 705 1089 τῶν
732 1050 826 1103 τῇδε
844 1046 1098 1091 ὖπαπελθεῖν.
1148 1048 1248 1090 ἀλλὰ
1275 1052 1404 1090 ταῦτα
1430 1049 1504 1101 μὲν
1526 1049 1629 1091 κατὰ
1648 1049 1722 1104 τὴν

83 1112 154 1148 FOl·
175 1112 242 1149 293
261 1115 469 1156 Ψ-Μυσίαν
486 1111 699 1170 ἐπράττετο
719 1113 886 1169 ὕστερον
898 1127 909 1139 ·
945 1112 966 1156 ὅ
989 1115 1032 1156 δὲ
1048 1119 1129 1156 τῶν
1141 1113 1347 1169 Ῥωμαίων
1365 1114 1624 1173 αὐτοκράτωρ
1642 1119 1722 1159 Νι-

295 1179 499 1237 κηφόρος,
538 1181 590 1222 τὰ
616 1183 704 1237 περὶ
735 1186 815 1223 τῶν
838 1178 1011 1238 Ταύρων
1035 1182 1242 1237 διαγνοὺς,
1280 1184 1346 1224 καὶ
1377 1182 1506 1231 ἄλλως
1535 1184 1579 1224 δὲ
1609 1184 1720 1240 παρὰ
1733 1193 1768 1229 15

294 1252 429 1289 πᾶσαν
450 1246 574 1289 αὑτοῦ
594 1248 666 1301 τὴν
684 1249 825 1303 βιοτὴν
844 1250 1180 1305 μεμεριμνημὲνος
1203 1265 1263 1297 τις
1282 1247 1359 1300 ὢν,
1397 1251 1463 1290 καὶ
1481 1250 1716 1307 ἐγρηγορώς,

294 1317 362 1357 καὶ
389 1314 446 1368 μὴ
468 1313 710 1368 νευστάζων,
746 1317 853 1370 μηδέ
874 1331 975 1358 τισιν
995 1314 1159 1370 ἡδοναῖς
1186 1314 1288 1364 ὅλως
1315 1314 1579 1369 δουλούμενος
1606 1316 1721 1373 (οὐδὲ

294 1382 371 1438 γὰρ
394 1381 475 1435 Ξβςοι
496 1399 556 1431 τις
576 1382 720 1436 λέγειν,
758 1381 813 1431 ὥς
841 1382 920 1425 ἴδοι
942 1387 1087 1424 τοῦτον
1108 1381 1351 1436 κωμάσαντα
1380 1382 1454 1424 κᾶν
1471 1384 1512 1424 ἐν
1529 1381 1717 1442 νεότητι),

295 1447 385 1491 τότε
406 1447 662 1497 παντοδαπός
681 1465 742 1497 τις
763 1445 836 1504 ἦν,
874 1451 940 1491 καὶ
958 1450 1031 1504 τὴν
1051 1449 1206 1504 πεζικὴν
1224 1449 1415 1506 στρατιὰν
1434 1448 1615 1506 ἐξήρτυε,
1654 1453 1721 1493 καὶ

260 1516 392 1564 Βτοὺς
409 1514 552 1569 λόχους
573 1514 819 1568 καθώπλιζε,
857 1518 923 1558 καὶ
942 1517 1015 1571 τὴν
1035 1517 1194 1571 ἱππικὴν
1210 1515 1397 1573 φάλαγγα
1424 1517 1465 1565 ἐς
1480 1515 1617 1570 βάθος
1638 1518 1768 1563 διες-20

297 1599 438 1635 ταττε,
477 1584 543 1624 καὶ
560 1581 829 1639 πανσιδήρους
850 1581 1020 1632 ἱππότας
1041 1583 1243 1640 ἀπέφαινε.
1288 1582 1362 1633 τάς
1383 1601 1424 1626 τε
1445 1585 1629 1638 μηχανὰς
1648 1585 1722 1635 τὰς

299 1646 537 1710 ἐφετηρίουςζ
556 1649 853 1704 τεκταινόμενος
877 1651 940 1692 ἐπὶ
969 1655 1049 1693 τῶν
1075 1655 1147 1705 τῆς
1167 1650 1318 1700 πόλεως
1343 1649 1620 1707 πυργωμάτων
1646 1669 1721 1693 κα-

296 1719 465 1774 θίδρυε,
511 1719 578 1759 καὶ
611 1717 747 1775 σειρὰν
774 1715 1079 1775 βαρυτάλαντον
1108 1719 1152 1760 ἐκ
1175 1716 1342 1775 σιδήρου
1370 1719 1632 1773 πεποιημένην
1657 1719 1722 1760 ἐπὶ

388 1835 428 1868 9.
457 1831 690 1877 Δορύστυλον
711 1833 786 1868 cod.
864 1836 918 1870 12.
940 1832 1073 1876 πάθος.
1118 1835 1243 1869 Melius
1261 1834 1394 1875 πάθει,
1418 1846 1492 1869 nam
1518 1835 1723 1880 περιπίπτω

389 1890 466 1932 cum
484 1880 673 1912 accusativo
693 1879 920 1914 soloecismum
937 1881 1093 1914 arbitror.
1180 1881 1237 1915 22.
1260 1881 1345 1925 Leg.
1366 1878 1596 1925 ἀφετηρίους.

300 1979 441 2012 fratrem
469 1988 600 2022 quoque
619 1977 783 2011 amicitiae
798 1978 937 2012 vinculis
954 1978 1019 2012 sibi
1043 1978 1259 2020 adiunxerat,
1281 1979 1443 2012 adversus
1459 1980 1592 2013 Moesos
1606 1980 1722 2015 movit.

304 2023 357 2056 lta
373 2035 446 2056 cum
462 2023 527 2055 iam
549 2023 591 2055 ad
608 2023 729 2055 Istrum
747 2023 952 2067 appelleret,
978 2024 1012 2057 in
1031 2028 1220 2067 terramque
1242 2023 1489 2058 exscensionem
1505 2030 1660 2068 pararet,
1683 2037 1723 2059 re

303 2068 441 2111 cognita
459 2068 567 2101 Moesi
593 2068 742 2100 exercitu
766 2069 809 2101 ad
835 2068 978 2111 triginta
997 2068 1097 2102 millia
1122 2069 1289 2101 hominum
1305 2069 1455 2102 confecto
1475 2068 1604 2103 obviam
1619 2082 1724 2104 vene-

301 2118 393 2146 runt.
438 2113 483 2145 At
498 2112 735 2145 animosissime
750 2125 769 2146 e
784 2112 945 2146 naviculis
963 2113 1201 2146 exscendentes
1218 2113 1336 2154 Tauri,
1359 2114 1519 2156 proiectis
1532 2115 1635 2148 scutis
1647 2115 1724 2159 gla-

302 2157 434 2200 diisque
452 2157 614 2190 districtis
626 2181 635 2197 ‚
657 2161 790 2190 strenue
809 2157 1001 2191 ceciderunt
1016 2158 1160 2191 Moesos.
1207 2157 1273 2198 Hi,
1296 2160 1338 2190 ne
1359 2159 1497 2202 primam
1515 2158 1645 2203 quidem
1661 2160 1724 2193 im·-

302 2202 506 2248 pressionem
521 2202 689 2242 ferentes,
712 2202 746 2234 in
761 2203 874 2246 sugam
888 2202 976 2235 versi
985 2202 1198 2246 Dorystolum
1218 2202 1391 2244 (munitum
1408 2203 1443 2236 id
1462 2204 1617 2247 oppidum
1626 2204 1723 2238 Moe-

302 2247 429 2289 sorum)
445 2246 612 2290 flagitiose
627 2246 771 2279 conclusi
789 2251 874 2279 sunt.
922 2247 997 2286 Quo
1013 2248 1127 2279 eodem
1143 2252 1289 2290 tempore
1305 2248 1441 2281 Petrum
1459 2248 1585 2291 dicunt,
1607 2247 1723 2283 ducem

303 2292 509 2331 Moesorum,
531 2291 637 2324 virum
654 2291 841 2334 religiosum
860 2295 959 2335 atque
976 2291 1217 2332 venerabilem,
1240 2303 1302 2325 nec
1321 2293 1455 2337 opinata
1477 2293 1557 2337 fuga
1583 2294 1723 2337 gravius

302 2341 520 2377 commotum,
548 2335 584 2368 in
606 2336 751 2369 morbum
776 2337 971 2370 comitialem
994 2336 1170 2376 incidisse,
1193 2347 1330 2381 cumque
1352 2338 1525 2382 paulisper
1539 2339 1723 2382 superfuis-

301 2386 355 2415 set
384 2392 426 2420 ex
449 2381 512 2413 hac
538 2381 612 2414 vita
640 2380 808 2423 migrasse.
853 2381 975 2414 Verum
998 2381 1082 2414 haec
1110 2381 1145 2413 in
1163 2380 1291 2415 Moesia
1313 2381 1479 2426 posterius
1506 2383 1719 2416 acciderunt:

301 2426 518 2470 Nicephorus
542 2430 651 2458 autem
668 2425 887 2458 Romanorum
911 2426 1114 2469 Imperator,
1137 2425 1195 2458 ubi
1210 2425 1268 2459 illa
1285 2427 1328 2460 de
1350 2427 1474 2461 Tauris
1486 2423 1661 2468 intellexit,
1684 2430 1723 2461 ut

301 2472 416 2504 fuerat
430 2470 576 2514 alioquin
594 2475 666 2503 tota
686 2480 747 2503 sua
761 2470 832 2504 vita
850 2470 1052 2511 laboriosus,
1074 2475 1203 2503 erectus
1223 2495 1233 2511 ,
1258 2483 1368 2505 somno
1384 2471 1513 2506 minime
1531 2472 1723 2513 connivens,

301 2527 414 2560 neque
435 2515 662 2559 voluptatibus
678 2514 806 2548 omnino
833 2515 981 2548 serviens
1006 2515 1132 2558 (neque
1158 2515 1242 2549 enim
1262 2517 1435 2561 quisquam
1461 2520 1572 2561 potest
1596 2516 1723 2557 dicere,

301 2572 341 2593 se
369 2572 443 2594 eum
470 2562 525 2594 vel
549 2561 584 2594 in
616 2559 840 2593 adolescentia
872 2564 1107 2593 comessantem
1134 2559 1301 2604 vidisse),
1331 2566 1411 2595 tunc
1443 2561 1590 2606 plurimis
1615 2571 1722 2605 nego-

303 2605 361 2637 tiis
380 2605 476 2639 simul
491 2617 527 2639 se
543 2605 656 2639 dedit:
680 2605 852 2649 pedestres
877 2604 990 2648 copias
1012 2604 1199 2638 instruebat
1229 2607 1378 2640 armabat
1394 2606 1595 2651 manipulos,
1618 2616 1723 2658 eque-

304 2653 407 2683 strem
434 2650 539 2683 aciem
565 2650 599 2683 in
637 2650 842 2683 altitudinem
869 2649 1084 2693 disponebat,
1117 2651 1342 2694 cataphractis
1373 2652 1553 2694 obtegebat
1578 2654 1722 2695 equites.

305 2694 388 2727 Item
408 2695 575 2728 machinas
602 2695 741 2729 missiles
758 2695 939 2729 fabricatus
965 2705 1026 2739 per
1052 2695 1144 2727 urbis
1174 2697 1425 2740 propugnacula
1449 2695 1608 2736 collocat,
1629 2699 1724 2729 cate-

306 2749 446 2785 namque
460 2740 773 2785 ponderosissimum
789 2752 812 2775 e
824 2741 915 2775 ferto
930 2739 1052 2775 factam
1070 2739 1114 2774 ad
1127 2740 1243 2777 turrim
1259 2741 1419 2787 alligans,
1441 2747 1538 2787 quam
1556 2740 1722 2775 centena-
