1768 3034
318 148 385 195 30
808 156 1010 201 LEONIS
1037 157 1274 202 DIACONI

314 267 422 315 τοῖς,
459 261 711 313 ἐκτόπωςάεὶ
731 263 1012 319 ἀγωνιζόμενος
1028 263 1105 320 πρὸ
1126 268 1199 318 τῆς
1217 262 1443 321 φάλαγγος,
1475 267 1542 308 καὶ
1563 267 1744 310 κίνδυνον

102 334 171 366 Fu).
193 334 262 369 280
277 345 304 368 ι·.
317 329 388 372 τὸν
409 330 569 373 ἐπιόντα
588 330 876 385 ὑποδεχόμενος
886 363 899 383 ,
937 334 1003 373 καὶ
1021 336 1222 388 κραταιῶς
1248 331 1542 389 ἐκκρουόμενος.
1583 332 1744 391 ᾑρηκὼς

316 392 387 438 οὗν
400 400 465 439 καὶ
485 399 724 452 καταβαλὼν
746 401 787 440 ἐν
807 397 1065 456 εὖαριθμήτῳ
1087 404 1212 457 καιρῷ
1231 404 1313 442 τῶν
1325 400 1554 457 Ἀγαρηνῶν
1573 399 1672 458 ὖπέρ
1690 401 1741 444 τὰ

313 462 503 519 ἑξήκοντα
532 465 730 522 φρούρια,
767 467 833 507 καὶ
865 467 971 508 λείαν
1001 465 1062 508 ὅτι
1093 469 1280 522 πλείστην
1314 466 1637 524 συνεκφορήσας,
1675 470 1742 511 καὶ

311 535 422 587 νίκην
450 531 762 589 ἐπιφανεστάτην
793 535 859 574 καὶ
892 535 979 575 οἳάν
997 533 1069 576 οὒκ
1088 533 1208 584 ἄλλος
1229 533 1552 589 ἀναδησάμενος,
1590 537 1740 579 ἐκεῖθεν
1767 586 1768 596 ³

310 600 384 654 τὴν
404 598 571 653 δύναμιν
592 599 839 654 ἀνελάμβανε
848 633 862 653 ,
891 602 958 642 καὶ
978 601 1081 643 κατὰ
1102 602 1154 643 τὰ
1174 607 1289 658 σφῶν
1308 601 1484 644 ἔστελλεν
1503 602 1606 658 ἤθη,
1635 602 1741 656 ἀμύ-

309 671 441 721 θητον
461 667 532 709 τὸν
549 672 723 710 πλοῦτον
743 668 998 723 ἄθροίσασαν
1011 682 1021 691 ”
1043 668 1164 718 αὐτὸς
1184 671 1228 712 δὲ
1247 669 1348 726 πρὸς
1367 670 1438 712 τὸν
1460 668 1740 728 αὐτοκράτορα

273 732 417 786 Βῖθει,
455 739 536 777 τῶν
555 733 687 777 πόνων
707 735 758 776 τὰ
777 735 873 791 γε’ρα
896 734 1136 789 ληψόμενος.
1208 726 1215 732 ”

97 809 133 841 Δ.
152 809 194 841 M.
214 805 301 843 6471
413 799 451 843 ι’.
479 801 590 858 ’Άρτι
611 803 654 843 δὲ
671 806 857 856 μεσοῦντι
877 803 950 856 τὴν
978 801 1213 862 ὁδοιπορίαν
1229 808 1286 861 τῷ
1310 808 1520 862 στρατηγῷ
1543 802 1658 861 φήμη
1679 820 1741 854 τις

119 855 216 931 img-
233 855 543 933 εξ)ες315πηντιάζ”ε,,
581 869 654 923 τὴν
675 871 858 911 ἐντεῦθεν
877 870 1067 930 ἐκδημίαν
1090 875 1163 912 τοῦ
1193 870 1366 920 ι’ίνακτος
1391 869 1597 925 Ῥωμανοῦ
1625 874 1768 927 διαγ-1

119 944 144 975 1.
167 944 256 976 Rom.
280 935 519 990 4γέλλουσα.
569 934 589 978 ὅ
612 938 678 988 δὲ,
703 941 759 993 τῷ
779 936 1068 994 ἀπροσδοκήτῳ
1088 941 1160 992 τῆς
1180 937 1318 994 φήμης
1339 939 1621 994 ἐκταραχθεὶς,
1649 939 1737 981 ἔπε’·

313 1017 381 1056 σχε
401 1020 442 1044 τε
460 1003 533 1057 τὴν
553 1005 794 1060 διαπορειάν,
834 1006 899 1045 καὶ
917 1005 1018 1046 κατὰ
1040 1003 1178 1061 χώραν
1197 1003 1373 1059 ὑπέμενε.
1411 1007 1560 1061 λέγεται
1579 1006 1624 1048 δὲ
1643 1010 1737 1048 τοῦ-

311 1086 383 1111 τον
408 1069 478 1112 τὸν
505 1069 653 1126 τρόπον
685 1072 876 1125 ἐκπλῆσαι
905 1072 975 1113 τὸν
1000 1074 1091 1126 βίον
1118 1072 1188 1114 τὸν
1217 1071 1498 1129 αὐτοκράτορα
1518 1071 1734 1126 Ῥωμανόν.

309 1137 441 1191 ἐπειδὴ
473 1138 726 1193 παρειληφὼς
752 1138 824 1192 τὴν
853 1138 981 1193 ἀρχὴν
1009 1140 1154 1192 ἐπιεικῆ
1180 1156 1222 1181 τε
1251 1141 1317 1181 καὶ
1343 1140 1505 1196 μέτριον
1524 1137 1647 1182 αὗτὸν
1670 1141 1738 1182 καὶ

309 1203 547 1259 εὐεργετικὸν
574 1210 631 1261 τῷ
670 1202 834 1262 ὑπηκόῳ
865 1207 1093 1260 παρείχετο,
1129 1204 1347 1255 ὑποδύντες
1374 1208 1475 1255 τινὲς
1505 1208 1571 1248 καὶ
1595 1211 1767 1260 μετελ-1

306 1269 451 1319 θόντες
470 1271 539 1312 τὸν
557 1271 799 1327 ἄνθρωπον,
835 1274 1045 1327 μοχθηροί
1061 1289 1102 1314 τε
1121 1275 1186 1314 καὶ
1207 1275 1344 1314 δοῦλοι
1363 1273 1538 1329 γαστρὸς
1560 1275 1626 1315 καὶ
1655 1278 1737 1316 τῶν

305 1335 384 1378 ὑπὸ
402 1339 599 1393 γαστέρα,
638 1340 919 1394 διαφθείρουσι
938 1339 1008 1380 τὸν
1035 1339 1320 1394 καλοκάγαθὸν
1348 1338 1498 1396 τρόπον
1526 1345 1598 1383 τοῦ
1627 1341 1733 1394 νέον,

303 1405 460 1460 τρυφὴν
479 1403 736 1453 ὗποτιθέντες
758 1407 823 1446 καὶ
844 1404 1068 1447 ἀκόλαστον
1086 1403 1236 1461 ἡδονὴν
1245 1439 1259 1458 ,
1298 1408 1549 1463 διεγείροντὲς
1572 1424 1615 1449 τε
1634 1408 1736 1464 πρὸς

264 1470 546 1520 Οάλλοκότους
564 1472 779 1524 ἐπιθυμίας
797 1469 941 1514 τούτου
956 1472 1028 1526 τὴν
1046 1471 1183 1529 ὄρεξιν.
1220 1474 1404 1516 ἐντεῦθεν
1422 1475 1532 1534 παρὰ
1555 1474 1626 1517 τὸν
1644 1492 1734 1517 και-
1757 1523 1759 1525 ,

304 1539 376 1593 ρὸν
405 1542 484 1580 τῶν
513 1543 722 1592 νηστειῶν,
760 1537 809 1587 ἃς
837 1539 938 1594 πρὸς
958 1538 1160 1593 κάθαρσιν
1180 1545 1325 1594 ψυχῶν
1345 1543 1411 1583 καὶ
1429 1543 1625 1597 ποδηγίαν
1651 1534 1768 1585 mavis

304 1604 536 1659 κρειττόνων
554 1607 710 1661 ἐξεῦρον
731 1605 871 1661 ἄνδρες
887 1605 1218 1662 θεοφορούμενοι,
1245 1606 1532 1664 παρειληφότες
1549 1609 1622 1650 τὸν
1634 1607 1732 1651 Ῥω-

302 1672 431 1725 μανὸν
453 1673 492 1714 οἷ
513 1674 642 1724 λοιμοὶ
655 1705 668 1724 ,
702 1673 765 1713 ἐπὶ
783 1674 952 1727 θηρείαν
972 1672 1131 1729 ἐλάφων
1150 1674 1271 1716 ἵενται
1280 1707 1294 1726 ,
1317 1676 1358 1716 ἐν
1377 1673 1593 1729 δυσβάτοις
1613 1674 1730 1718 ἐλαύ-

303 1756 436 1788 νοντες
467 1738 608 1796 ὄρεσιν.
655 1739 805 1781 ἐκεῖθέν
824 1757 865 1782 τε
895 1738 1175 1792 ἀναζεύξαντες
1194 1742 1264 1783 τὸν
1283 1741 1563 1799 αὖτοκράτορα
1584 1757 1731 1798 συγκο-

393 1835 428 1868 7.
460 1831 665 1876 ἀθροίσασα
695 1833 769 1869 cod.
837 1836 870 1870 8.
895 1834 988 1879 ἔθει]
1006 1833 1075 1880 ἔθη
1105 1816 1180 1870 cod.
1207 1839 1242 1870 et
1271 1837 1369 1882 paulo
1401 1840 1480 1882 post
1509 1835 1727 1883 ληψᾶμενος.

394 1880 447 1914 12.
470 1880 564 1913 Fort.
588 1877 766 1923 ὑπέμεινε.
851 1882 908 1916 22.
931 1883 1099 1926 θηρείαν.
1126 1881 1185 1915 Sic
1205 1881 1279 1915 cod.

302 1966 419 1989 verum
442 1956 541 1989 etiam
569 1968 607 1989 re
625 1957 716 2000 ipsa,
751 1969 882 2002 semper
907 1962 985 1991 ante
1009 1958 1114 1992 aciem
1137 1958 1320 1992 mirandum
1340 1958 1377 1992 in
1394 1958 1525 1993 modum
1548 1959 1727 2004 praelians,

304 2001 555 2044 adventansque
580 2002 762 2045 periculum
781 2014 852 2036 cum
868 2003 1037 2047 excipiens
1054 2008 1124 2036 tum
1147 2004 1284 2037 fortiter
1304 2003 1480 2047 repellens.
1526 2004 1644 2049 Captis
1659 2004 1727 2048 igi-

303 2049 359 2077 tur
378 2045 568 2089 eversisque
587 2046 680 2079 brevi
696 2052 844 2091 tempore
861 2048 1101 2081 Saracenorum
1116 2059 1216 2092 supra
1232 2047 1406 2092 sexaginta
1421 2048 1578 2090 castellis,
1600 2050 1728 2094 praeda

303 2090 541 2134 quamplurima
561 2095 677 2124 evecta
689 2116 699 2132 ‚
724 2098 759 2125 et
776 2093 949 2126 victoriam
968 2092 1200 2134 clarissimam,
1223 2093 1353 2137 qualem
1370 2093 1454 2126 alias
1473 2105 1587 2135 nemo,
1611 2105 1728 2128 conse-

302 2139 418 2174 cutus,
443 2139 618 2168 revocatos
636 2135 713 2169 inde
729 2136 849 2170 milites
870 2137 912 2170 ad
934 2148 1014 2170 suas
1031 2148 1193 2182 quemque
1211 2139 1308 2171 sedes
1324 2137 1471 2179 remisit,
1494 2149 1567 2171 cum
1588 2139 1725 2172 immen-

302 2191 373 2212 sam
391 2179 583 2212 divitiarum
599 2180 666 2213 vim
684 2182 947 2225 congessissent:
970 2181 1042 2227 ipse
1059 2183 1102 2216 ad
1118 2182 1357 2227 Imperatorem
1373 2182 1556 2224 contendit,
1576 2183 1724 2218 laborum

299 2224 449 2269 praemia
466 2229 675 2268 accepturus.

391 2272 446 2303 10.
468 2269 539 2301 Iam
558 2281 639 2302 vero
655 2281 729 2303 cum
745 2271 813 2304 dux
828 2272 863 2305 in
883 2271 990 2305 medio
1008 2271 1129 2305 itinere
1145 2274 1254 2313 esset,
1277 2272 1366 2306 fama
1383 2271 1545 2316 quaedam
1561 2271 1722 2317 pervasit,

299 2314 481 2348 Romanum
496 2314 734 2358 Imperatorem
756 2316 906 2349 humanis
928 2317 1124 2350 excessisse.
1171 2317 1247 2357 Quo
1266 2317 1322 2351 ille
1338 2317 1571 2361 inexspectato
1590 2327 1722 2350 rumore

298 2358 497 2403 perterritus
516 2358 581 2392 iter
600 2358 760 2401 inhibuit,
785 2362 964 2405 eodemque
980 2361 1016 2394 in
1037 2362 1109 2395 loco
1129 2362 1288 2395 substitit.
1333 2362 1378 2395 At
1400 2362 1587 2407 Imperator
1599 2361 1722 2395 Roma-

298 2414 361 2437 nus
390 2404 478 2436 hunc
507 2402 542 2435 in
569 2404 700 2437 modum
727 2416 746 2437 e
770 2405 841 2439 vita
860 2406 1042 2439 excessisse
1069 2406 1202 2440 dicitur.
1247 2407 1277 2439 A
1304 2406 1468 2451 principio
1492 2405 1623 2451 imperii
1647 2416 1722 2440 cum

298 2449 418 2481 bonum
435 2459 475 2480 ac
490 2448 695 2481 moderatum
711 2461 786 2482 sese
802 2455 837 2483 et
850 2451 1032 2484 beneficum
1048 2451 1083 2483 in
1100 2451 1248 2484 subditos
1264 2451 1491 2495 praebuisset,
1514 2454 1632 2495 postea
1647 2461 1720 2484 snr-

299 2496 454 2537 repentes
472 2492 615 2525 nonnulli
633 2498 871 2538 captantesque
889 2496 1069 2535 hominem,
1092 2495 1232 2539 improbi
1251 2495 1299 2528 ini
1316 2495 1467 2540 quidem,
1491 2495 1603 2529 ventri
1627 2500 1662 2529 et
1676 2494 1721 2528 iia

299 2549 384 2581 quae
406 2538 465 2571 sub
485 2542 605 2570 ventre
623 2543 699 2571 sunt
715 2539 934 2572 inservientes
946 2564 956 2580 ‚
978 2540 1097 2573 bonam
1116 2541 1336 2574 adolescentis
1357 2541 1498 2574 indolem
1513 2540 1720 2584 depravave-

299 2586 395 2622 runt3
420 2582 507 2626 quod
525 2582 568 2615 ad
589 2583 699 2616 luxum
715 2594 788 2617 eum
804 2584 1116 2629 immoderatamque
1131 2585 1333 2629 voluptatem
1352 2587 1569 2625 revocarent,
1592 2584 1636 2617 ad
1657 2584 1719 2617 mi-
1764 2591 1768 2617 “,

299 2637 420 2670 rasque
437 2627 588 2661 libidines
604 2627 789 2661 excitarent
804 2629 1018 2663 voluntatem.
1064 2630 1212 2663 Proinde
1231 2634 1382 2675 tempore
1396 2630 1611 2669 ieiuniorum,
1633 2639 1719 2672 quae
1762 2648 1764 2654 ν

300 2670 344 2701 ad
364 2671 554 2715 purgandos
573 2672 818 2717 rapiendosque
836 2674 973 2707 sublime
991 2675 1117 2708 animos
1138 2674 1201 2708 viri
1229 2675 1342 2708 divino
1361 2675 1483 2720 spiritu
1508 2673 1598 2718 pleni
1619 2672 1718 2706 insti-

299 2718 453 2755 tum-unt,
482 2716 664 2751 Romanum
685 2722 805 2751 nactae
831 2717 908 2751 illae
936 2722 1048 2763 pestes
1073 2731 1190 2752 cervos
1210 2724 1365 2753 venatum
1390 2724 1488 2759 eunt,
1512 2729 1579 2796 lper·
1593 2720 1718 2751 montes
1765 2730 1768 2753 1

299 2757 474 2803 impeditos
493 2772 595 2806 equos
614 2762 793 2807 agitantes.
839 2763 921 2798 Inde
940 2764 1069 2799 reversi
1085 2764 1319 2810 Imperatorem
1340 2764 1489 2810 graviter
1529 2763 1717 2797 abomtem
1755 2767 1768 2802 ⁷]
