1748 3094
362 158 423 203 IN
449 156 657 203 LEOMS
685 157 927 204 DIACONI
954 158 1056 201 LIB.
1083 158 1158 202 111,
1389 152 1491 201 429

36 277 84 306 Ιο
102 259 226 314 καὶ,
253 262 359 303 nihil
378 276 477 302 sane
499 268 559 302 est
581 263 789 302 usitatius.
816 276 936 316 quam
958 269 1091 302 tamen
1114 275 1257 317 parum
1279 270 1385 317 apte
1395 263 1494 304 red-

33 320 142 360 didit
162 320 359 374 interpres
377 319 580 386 Epistolae
605 320 785 372 synodal.
803 319 971 386 Agapeti
990 320 1111 360 eone.
1135 321 1270 360 Const.
1286 321 1359 359 sub
1376 320 1493 360 Mena

35 376 88 415 11-
110 377 231 420 1225.
252 377 303 418 D.
326 375 397 418 καὶ
415 373 561 431 τρόπον
576 373 666 416 τινὰ
695 372 1024 428 τεθαυμάκαμεν,
1053 384 1090 418 et
1109 375 1272 414 mudum
1293 377 1493 429 quendam

35 431 237 471 admirati
260 447 418 474 sumus.
472 432 671 482 Emenda,
701 440 738 470 et
767 431 1062 484 quodammodo
1085 429 1195 471 adm.
1221 447 1254 472 a.
1285 434 1493 472 Labbeana
1534 470 1545 476 ,

34 489 157 529 editio
189 488 331 540 habet,
372 503 501 541 supra
528 487 704 530 modum,
768 488 816 528 In
850 489 1130 528 comantem
1156 489 1251 529 Oec.
1278 496 1391 529 sexto
1424 490 1491 530 ΠΙ.

35 545 157 589 1185.
185 545 232 584 E.
259 544 348 587 εἰπέ
366 561 455 598 μοι,
482 544 551 586 καὶ
578 541 631 586 ὃν
657 546 776 586 τοῦτο
805 545 931 593 εἴποι,
958 558 1179 597 pronomen
1198 546 1261 595 τίς
1282 560 1492 600 perperam

33 601 245 652 omissum,
274 601 604 654 scribendumque
621 607 704 651 est,
735 600 804 641 καὶ
822 598 932 649 «εἰς’
904 616 956 642 αν
977 603 1095 642 τοῦτο
1115 601 1217 652 elz,
1245 610 1284 640 et
1303 605 1399 655 quia
1415 602 1495 640 Ιιοο

33 656 202 707 dixerit,
235 671 287 697 ex
315 659 356 701 S.
384 658 521 697 Ioann.
546 657 747 709 chrysost.
778 658 888 696 Orat.
917 657 961 696 in
990 658 1118 707 illud,
1145 660 1272 697 Pater
1296 661 1338 697 εἰ
1355 660 1493 712 possi-

0 726 2 763 ζ
33 713 113 751 bile
132 720 211 763 eet,
241 714 289 755 V.
311 718 407 759 217.
432 714 482 753 Β.
509 713 617 753 unde
638 712 740 752 haec
757 713 880 752 verba
898 721 940 753 et
962 714 1146 766 proxime
1164 716 1370 767 sequentia
1396 721 1493 755 sunt

31 769 223 809 desumta.

141 828 252 880 Pag.
280 829 349 870 37.
378 827 453 867 lin.
485 830 523 870 1.
557 824 633 869 Τὸν
650 823 867 880 Μαριανὸν
884 820 976 878 οὖν]
1006 825 1221 880 Μαριανός
1237 825 1265 869 o‘
1281 824 1497 880 Ἀπαμβας

30 888 202 922 vocatur
226 896 251 922 a
280 883 486 923 Constant.
517 883 814 936 Porphyrogen.
844 883 1013 924 Cael-im.
1046 884 1144 936 Byz.
1174 883 1207 925 Ι.
1237 884 1334 928 252.
1362 883 1406 922 C.
1436 881 1529 923 adB

32 952 149 991 quem
168 939 262 978 vide
276 938 483 978 Reizkium
500 939 551 978 11.
573 940 667 982 143.
687 940 734 978 D.

28 1017 34 1020 -
144 994 249 1034 lbid.
276 995 349 1034 lin·
379 998 447 1039 12.
481 995 711 1049 Ίζιμισκῆν]
752 997 919 1035 Secutus
948 1010 1035 1036 sum
1066 995 1307 1048 scripturam
1342 995 1492 1047 vulga-

30 1063 138 1091 rem:
164 1051 236 1090 sed
251 1050 296 1090 id
308 1051 587 1091 Armeniacum
603 1065 747 1091 nomen
764 1052 884 1092 habet
898 1053 994 1095 Cod.
1015 1052 1083 1092 hic
1100 1066 1175 1105 per
1190 1053 1272 1091 iota
1294 1053 1488 1105 Ἰζιμισκί·

31 1107 76 1145 in
96 1107 350 1160 sequentihus
370 1108 605 1160 plerumque
635 1115 694 1147 est
714 1107 949 1161 Τζιμισιιής,
977 1115 1025 1148 ut
1047 1111 1114 1152 23.
1140 1109 1186 1147 Β.
1206 1111 1274 1152 30.
1294 1109 1340 1148 Β.
1362 1106 1489 1163 (com-

30 1176 207 1203 memoro
237 1177 350 1216 pagg.
381 1164 476 1204 edit.
504 1164 650 1216 quibus
674 1162 764 1204 loca
786 1165 942 1203 codicis
960 1162 1234 1219 respondent)
1266 1167 1336 1208 36.
1354 1165 1397 1204 G.
1420 1164 1488 1207 51.

31 1219 77 1258 C.
103 1222 328 1272 Τζημισκῆς
350 1221 418 1263 56.
437 1221 482 1259 Β.
512 1221 698 1272 Reliquos
724 1220 923 1260 scribendi
944 1221 1084 1261 modos
1098 1250 1112 1270 ,
1140 1221 1255 1259 velut
1280 1223 1490 1273 Πιμισχῆς

30 1276 235 1317 Constant.
262 1275 429 1315 Manass-
456 1277 552 1319 115.
579 1277 626 1315 D.
652 1273 796 1329 (Codd.
820 1277 877 1315 ibi
895 1284 934 1316 et
955 1276 1052 1316 alias
1076 1274 1313 1332 Tgmuom‘c)
1335 1280 1428 1320 118.
1444 1277 1488 1315 C.

31 1334 129 1376 119.
148 1332 191 1370 C.
209 1335 303 1375 120.
322 1332 371 1371 A.
389 1333 436 1370 Β.
461 1329 670 1384 Τζιμισχῆς
688 1333 886 1371 Cedrenus
903 1333 954 1373 Π.
974 1333 1070 1376 646.
1090 1333 1138 1370 D.
1157 1333 1306 1384 Glycas
1325 1333 1422 1375 305.
1442 1332 1489 1371 Β.

29 1389 125 1430 308.
139 1387 188 1426 A.
206 1387 251 1425 Β.
278 1390 502 1440 Ίζυμισκῆς
518 1389 632 1426 Anna
654 1389 841 1429 Comnen.
860 1389 959 1432 451.
978 1389 1023 1428 Β.
1049 1389 1271 1441 Ἰζουμίσιιη
1290 1388 1334 1426 in
1349 1387 1488 1440 typico

28 1456 103 1482 ms.
121 1443 311 1482 Matthaei
333 1444 425 1483 Not.
451 1443 577 1483 eodd.
607 1444 676 1484 Gr.
695 1444 820 1498 Mosq.
847 1446 945 1488 245.
973 1445 1021 1484 Δ.
1042 1445 1199 1497 longius
1215 1444 1401 1497 persequi
1415 1457 1489 1483 ve-

27 1512 121 1539 reor
136 1513 188 1538 ne
206 1499 390 1552 putidum
407 1499 474 1539 sit.

140 1554 245 1595 Ibid-
273 1556 346 1596 ῖὶπ.
375 1560 444 1600 19-
476 1552 815 1610 περαιωθῆσεται]
854 1556 1027 1595 Adhibet
1058 1555 1126 1595 hic
1155 1555 1374 1608 figuratim,
1412 1570 1488 1608 pro

27 1608 349 1665 περανθήσεται·
395 1613 504 1650 infra
543 1627 660 1652 sensu
701 1614 868 1666 proprio
906 1613 1169 1666 περαιωθεὶς,
1212 1620 1489 1664 transgressus

28 1667 197 1706 fluvium
213 1681 391 1717 maren,
420 1671 488 1711 11.
505 1668 551 1707 A.
572 1673 637 1711 17.
658 1669 700 1707 C.
718 1673 787 1712 72.
802 1670 846 1708 Β.
864 1673 956 1712 107.
976 1670 1022 1707 D.
1041 1672 1135 1712 108.
1153 1669 1198 1707 A.
1213 1668 1490 1721 περαιωθέντα

27 1724 98 1767 75.
120 1724 164 1763 D.
188 1727 256 1766 76.
276 1724 318 1762 C.
337 1728 406 1767 99.
431 1724 478 1763 A.
498 1725 543 1762 B.
564 1725 787 1773 Interdum,
814 1732 863 1764 ut
880 1726 982 1763 solet
1004 1726 1159 1777 passiva
1180 1731 1219 1763 et
1235 1725 1366 1764 media
1392 1739 1489 1763 con-

29 1778 216 1824 fundere,
248 1786 415 1832 usurpat
434 1780 608 1818 medium
626 1778 969 1833 περαιωσάμενος,
1002 1785 1066 1823 10.
1086 1781 1129 1821 Β.
1149 1782 1217 1824 40.
1239 1782 1284 1822 C.
1305 1802 1362 1811 —-
1381 1781 1488 1831 Aga-

27 1835 157 1884 thina,
184 1835 293 1874 unde
318 1836 396 1874 Leo
422 1836 575 1874 colores
598 1836 734 1885 duxit,
764 1851 917 1889 semper
940 1838 1067 1876 utitur
1095 1837 1272 1889 passivo:
1309 1835 1378 1878 τὸν
1398 1834 1524 1880 Hui-c

29 1892 103 1932 δον
121 1890 380 1945 ἐπεραιοῦντο
400 1893 469 1934 38.
491 1893 538 1931 A.
560 1892 804 1945 περαιωθεὶς
822 1890 871 1933 τοὶ
893 1894 1038 1945 ῥεῖθρα
1065 1895 1160 1936 140.
1186 1893 1228 1934 C.
1249 1890 1317 1935 τᾶν
1332 1891 1486 1946 Ἴστρον

26 1947 318 2012 περαιωθέντες
334 1951 373 1990 9.
393 1947 442 1988 Δ.
463 1953 748 2001 περαιωθεῖσαν
767 1952 861 1991 171.
880 1949 926 1990 Β.
942 1948 1323 2003 διαπεραιωθέντες,
1350 1957 1485 1989 ἐναπε-

24 2005 178 2056 gressi,
208 2004 275 2046 45.
295 2004 338 2042 C.
358 2004 450 2046 154.
472 2004 518 2043 D.

141 2058 244 2098 Ibid.
276 2060 347 2097 lin.
387 2063 455 2103 20.
487 2056 757 2124 ἆδιᾰσειστον]
791 2060 907 2099 Hanc
935 2074 1075 2100 vocem
1105 2067 1383 2114 praeterquam
1408 2062 1483 2101 illo

16 2110 119 2154 'loeo
137 2129 332 2168 nusquam
350 2129 414 2154 me
435 2116 564 2166 legere
584 2117 759 2155 memini.

139 2173 244 2223 Pssg·
264 2174 332 2214 38-
360 2172 432 2210 lin·
462 2176 526 2215 12.
554 2170 621 2213 τὸν
635 2172 865 2226 ὖπέρμαχον
882 2170 951 2212 καὶ
966 2168 1140 2220 &lugd-aa
1161 2173 1325 2225 Φωκᾶν]
1346 2172 1481 2227 ’Ἐπέρ-

29 2242 152 2279 μαχος
179 2226 247 2265 hic
270 2227 478 2266 invidiose.
534 2228 661 2280 Vulgo
686 2229 791 2267 bono
814 2242 934 2266 sensu
948 2236 1257 2281 propugnator,
1286 2229 1335 2268 d
1315 2232 1481 2281 femor

28 2283 260 2335 praesertim
288 2283 393 2334 apud
406 2283 624 2334 Philonem,
652 2286 722 2337 qui
743 2285 864 2323 modo
893 2284 1099 2336 coniungit
1122 2299 1213 2324 cum
1240 2283 1480 2339 δορυφόρος,

27 2339 87 2378 De
101 2339 332 2376 confusione
348 2339 518 2390 linguar.
534 2342 629 2383 257.
639 2342 683 2380 Β.
700 2341 819 2379 modo
830 2354 923 2379 cum
938 2339 1248 2395 κροαγωνιστής,
1274 2341 1480 2381 Demundi

29 2393 189 2446 opificio
210 2396 279 2437 28.
301 2393 349 2433 A.
375 2395 432 2433 De
448 2395 671 2435 Abrahamo
695 2401 790 2440 299.
814 2397 860 2436 Β.
889 2398 945 2435 De
969 2397 1202 2461 specialibus
1223 2398 1298 2448 leg.
1321 2398 1415 2440 615.
1433 2397 1479 2434 E.

27 2450 77 2489 111
104 2451 238 2488 Flaoc.
268 2451 364 2492 765.
390 2450 436 2489 Ε.
463 2453 592 2491 Semel
618 2453 799 2505 iungitur
829 2466 921 2492 cum
946 2467 1046 2492 voce
1072 2454 1117 2491 in
1149 2453 1305 2491 Lexicis
1338 2452 1481 2490 omissa

26 2506 266 2557 fortasseque
295 2513 483 2558 corrupta
513 2506 874 2562 προδιαγωνιστης,
909 2509 968 2548 De
996 2509 1231 2562 specialibus
1258 2509 1357 2558 legg.
1383 2510 1478 2549 608.

25 2561 73 2600 E.
95 2563 231 2613 Neque
256 2561 372 2600 aliter
398 2563 437 2603 S.
466 2563 605 2604 Ioann.
624 2565 825 2618 Chrysost.
844 2565 1034 2604 Oratione
1056 2578 1202 2604 xxm.
1225 2564 1269 2601 in
1294 2563 1478 2610 Genesin,

26 2616 58 2661 1·
77 2619 171 2660 295-
190 2618 229 2660 4-
236 2613 327 2670 ἐγώ
347 2630 421 2658 σου
440 2617 715 2672 υπερασπίζω,
741 2618 852 2663 τοῦτ’
872 2621 999 2671 ἔστιν,
1029 2619 1105 2673 ἐγω
1121 2619 1479 2670 υπεραγωνιζθμαῆ

25 2670 103 2724 ἔγω
130 2671 357 2726 ὖπὲρμαχος
380 2674 564 2726 γίνομαι·
593 2683 633 2714 et
660 2679 773 2718 Orat.
797 2691 944 2718 mix.
967 2677 1011 2714 in
1040 2675 1201 2714 eandem
1223 2673 1255 2714 Ῑ.
1282 2676 1379 2716 318.
1406 2677 1478 2717 17.

25 2725 254 2796 ὖπέρμαχός
270 2742 334 2771 σοι
347 2727 563 2782 γινόμενος,
591 2733 661 2774 παι
675 2736 758 2775 τῶν
770 2728 1112 2787 ἐπιβουλευόντων
1129 2724 1331 2782 ἆνωτερον
1351 2730 1396 2777 [f.
1416 2727 1475 2778 σὲ]

23 2781 263 2838 ’‘m‘w‘flfs·
317 2785 415 2825 Item
435 2787 477 2827 S.
504 2787 718 2841 Gregorius
737 2788 1052 2842 Thaumaturgus
1072 2785 1261 2828 Oratione
1279 2798 1468 2839 panegyr.
1477 2798 1513 2834 1)
