1748 3094
299 119 396 168 344
695 127 1038 171 LUITPRANDI
1063 125 1318 169 LEGATIO

300 244 370 269 san
390 230 514 269 dabit:
542 231 576 268 is
595 231 695 269 enim
715 230 905 281 quidquid
920 228 1161 279 calamitatis,
1190 228 1381 281 quidquid
1395 229 1568 282 rapinae,
1597 229 1714 281 quid-

301 296 397 348 quid
427 296 641 348 dispendii‚
671 295 863 347 quidquid
892 297 1044 342 luctus,
1073 295 1266 346 quidquid
1294 296 1468 334 miseriae
1497 296 1716 346 excogitare

265 362 451 415 cpotuit,
481 362 590 413 quasi
616 368 769 400 torrens
787 361 1003 410 inundans,
1031 361 1075 399 in
1100 375 1171 400 nos
1192 361 1344 401 effudit.
1397 362 1478 400 Nec
1493 363 1537 400 in
1561 369 1716 401 centum

299 428 440 479 viginti
468 428 601 467 diebus
631 441 710 465 una
740 428 874 466 saltem
911 427 1133 478 praeteriit,
1174 440 1270 478 quae
1302 440 1384 465 non
1406 429 1571 478 gemitus
1603 428 1715 467 nobis

298 495 511 548 praeberet,
541 500 579 531 et
595 494 735 533 luctus.
791 493 922 532 Pridie
939 508 1060 532 nonas
1076 494 1190 543 Iunii,
1218 499 1265 532 ut
1282 493 1459 545 superius
1476 494 1714 546 scripsimus,

296 559 673 611 Constantinopolim
694 565 783 597 ante
800 567 955 611 portam
976 562 1134 600 caream
1155 558 1193 614 ³)
1228 559 1427 609 venimus,
1455 566 1494 598 et
1519 574 1642 611 usque
1665 560 1716 598 ad

295 627 539 666 undecimam
565 626 701 665 horam
735 639 823 664 cum
853 627 981 678 equis,
1011 642 1093 666 non
1118 626 1271 665 modica
1294 626 1454 678 pluvia,
1490 627 1714 679 expectavi·

297 707 394 732 mus.
449 692 661 730 Undecima
677 705 771 731 vero
790 692 887 731 hora
904 707 986 731 non
1001 700 1106 732 ratus
1123 691 1363 744 Nicephorus
1381 705 1452 730 nos
1469 693 1604 743 dignos
1620 707 1714 742 esse,

296 766 376 797 tam
399 766 554 797 ornatos
574 764 702 797 vestra
718 758 984 797 misericordia
1004 760 1196 810 equitare,
1225 746 1359 797 venire
1375 758 1511 809 iussit,
1540 767 1578 798 et
1594 774 1716 812 usque

295 826 339 864 in
365 827 575 877 praefatam
604 825 763 862 domum
788 838 1061 875 marmoream,
1092 826 1280 874 invisam,
1308 825 1560 876 inaquosam,
1587 833 1714 878 patu—

293 892 371 930 lam
408 905 538 930 sumus
572 890 740 928 deducti.
809 891 966 930 Octavo
993 898 1140 941 autem,
1175 891 1219 929 id
1241 897 1299 929 est
1320 889 1360 946 4)
1394 892 1556 930 Sabbato
1586 893 1715 945 primo

297 958 446 996 dierum
471 959 715 996 Pentecostes
745 963 834 995 ante
853 958 982 996 fratris
1006 951 1091 996 'eius
1110 957 1248 996 Leonis
1264 958 1463 1010 Coroplati
1485 956 1546 1010 ⁵),
1575 965 1613 997 et
1635 960 1715 998 Lo-

296 1024 471 1074 gothetae
494 1024 748 1076 praesentiam
773 1037 858 1062 sum
878 1024 1087 1073 deductus,
1115 1024 1185 1062 ubi
1202 1025 1248 1063 de
1268 1025 1465 1077 Imperiali
1487 1031 1619 1063 vestro
1636 1038 1715 1063 no-

254 1090 400 1133 Dmine
428 1104 563 1141 magna
591 1103 722 1128 sumus
749 1091 997 1128 contentione
1031 1091 1191 1141 fatigati.
1253 1091 1342 1143 Ipse
1370 1091 1472 1129 enim
1503 1104 1595 1139 vos,
1633 1105 1715 1129 non

295 1157 591 1207 Imperatorem,
617 1157 659 1193 id
685 1162 743 1194 est
772 1156 930 1208 βασιλέα
949 1170 1019 1194 sua
1045 1157 1201 1208 lingua,
1231 1158 1299 1196 sed
1326 1158 1375 1195 ob
1403 1156 1714 1207 indignationem

296 1223 419 1274 ῥῆγα,
446 1223 490 1260 id
519 1228 577 1260 est
603 1224 748 1273 Regem
778 1229 911 1261 nostra
941 1224 1115 1262 vocabat.
1172 1224 1244 1261 Cui
1274 1237 1364 1262 cum
1392 1224 1580 1273 dicerem,
1609 1224 1715 1275 quod

296 1288 533 1339 significatur
561 1289 663 1327 idem
693 1301 793 1338 esse,
823 1290 998 1339 quamvis
1029 1291 1134 1341 quod
1161 1290 1354 1341 significat
1382 1290 1601 1339 diversum3
1641 1303 1712 1337 me,

295 1355 363 1405 ait,
395 1368 475 1392 non
491 1355 617 1406 pacis,
640 1355 708 1393 sed
728 1357 985 1394 contentionis
1006 1370 1118 1395 causa
1137 1356 1301 1405 venisse,
1330 1356 1462 1407 sicque
1479 1357 1604 1394 iratus
1623 1371 1708 1396 sur·
1734 1389 1738 1391 ,

296 1427 410 1471 gens,
439 1428 587 1460 vestras
608 1422 764 1471 literas,
791 1436 882 1461 vere
910 1423 1136 1473 indignans,
1164 1436 1247 1460 non
1273 1435 1345 1473 per
1371 1436 1431 1471 se,
1460 1423 1528 1461 sed
1549 1435 1620 1474 per
1642 1423 1713 1461 in·-

294 1492 502 1538 terpretem
523 1488 716 1539 suscepit,
744 1488 861 1527 homo
879 1490 963 1540 ipse
981 1489 1030 1527 ad
1046 1503 1250 1540 personam
1267 1489 1362 1526 satis
1381 1502 1586 1540 proceruS,
1614 1490 1712 1528 falso

152 1550 224 1606 Col·
247 1552 280 1585 2·
301 1553 479 1591 humilis:
517 1554 579 1591 cui
614 1555 645 1591 si
679 1555 829 1593 innisus
860 1554 978 1605 homo
1010 1555 1146 1605 fuerit,
1183 1569 1340 1593 manum
1371 1555 1452 1593 eius
1487 1556 1714 1606 perforabit.

296 1620 464 1671 Septimo
485 1626 613 1657 autem
632 1621 675 1659 id
700 1628 757 1659 est
775 1619 810 1675 ⁶)
844 1621 930 1672 ipso
957 1622 1143 1659 videlicet
1167 1623 1309 1659 Sancto
1328 1621 1390 1659 die
1408 1623 1649 1660 Pentecostes
1669 1623 1713 1660 iu

298 1686 430 1735 domo,
471 1699 567 1736 quae
596 1687 741 1726 dicitur
767 1684 968 1738 Στεφάνα,
996 1687 1039 1725 id
1065 1694 1125 1725 est
1149 1689 1370 1725 Coronat-ia
1392 1694 1483 1725 ante
1505 1688 1716 1739 Nicepho-

298 1767 385 1790 rum
414 1766 499 1790 sum
526 1753 739 1803 deductus,
775 1753 971 1791 hominem
999 1754 1090 1791 satis
1122 1756 1435 1802 monstruosum,
1471 1767 1711 1804 pygmaeum,

301 1819 424 1869 capite
442 1819 639 1869 pinguem,
666 1827 779 1871 atque
794 1820 995 1859 oculorum
1014 1820 1206 1871 parvitate
1220 1820 1425 1871 talpinum,
1452 1820 1568 1858 barba
1587 1827 1710 1880 curta,

295 1884 392 1932 lata,
431 1885 573 1935 spissa,
611 1891 648 1923 et
676 1886 868 1924 semicana
896 1886 1115 1935 foedatum,
1145 1886 1295 1924 cervice
1319 1885 1471 1936 digitali
1495 1892 1711 1938 turpatum,

294 1950 541 2000 prolixitate,
570 1958 609 1988 et
631 1952 817 1990 densitate
838 1966 1035 1991 comarum
1054 1953 1145 1990 satis
1161 1952 1294 2003 Iopam
1312 1949 1371 2005 ⁷),
1400 1952 1529 1991 colore
1546 1952 1712 1990 Aethio-

294 2028 384 2065 pem
399 2045 408 2062 ,
440 2016 503 2052 cui
523 2030 590 2066 per
610 2018 775 2059 mediam
798 2019 899 2056 nolis
920 2031 1122 2057 occurrere
1139 2024 1316 2055 noctem:
1342 2024 1478 2056 ventre
1496 2024 1710 2068 extensum,

295 2080 451 2118 natibus
478 2082 640 2131 siccum,
671 2084 779 2121 coxis
802 2085 851 2121 ad
869 2097 1090 2122 mensuram
1109 2084 1232 2134 ipsam
1258 2083 1411 2120 brevem
1430 2084 1710 2134 longissimum,

298 2146 471 2184 cruribus
501 2160 687 2198 parvum,
726 2150 932 2198 calcaneis,
970 2150 1208 2201 pedibusque
1244 2148 1459 2198 aequalem,
1497 2150 1635 2188 villino
1664 2150 1712 2201 ⁸),

296 2212 362 2249 sed
374 2212 486 2249 nimis
501 2219 717 2264 veternoso,
737 2216 804 2253 vel
822 2216 1075 2254 diuturnitate
1094 2216 1179 2266 ipsa
1197 2214 1355 2263 foetido,
1380 2221 1418 2252 et
1426 2216 1572 2266 pallido
1593 2230 1710 2254 orna-

263 2284 294 2318 -Β
306 2284 430 2315 mento
444 2278 636 2328 indutum,
648 2280 836 2331 Sicyoniis
847 2281 1109 2320 calceamentis
1121 2281 1343 2328 calceatum,
1354 2279 1484 2331 lingua
1493 2295 1708 2333 procacem,

294 2345 447 2394 ingenio
468 2345 646 2395 vulpem,
678 2348 866 2397 periurio,
895 2362 962 2386 seu
979 2347 1177 2386 mendacio
1197 2347 1388 2396 Ulyssem.
1443 2349 1600 2399 Semper
1612 2347 1710 2385 mihi

295 2410 441 2447 domini
459 2411 534 2447 mei
554 2410 808 2461 Imperatores
829 2414 1013 2463 Augusti,
1039 2412 1199 2451 formosi
1223 2418 1367 2462 quanto
1385 2411 1480 2450 hinc
1499 2413 1710 2451 formosio-

293 2489 356 2514 res
390 2476 466 2515 visi
499 2476 616 2514 estis?
653 2489 803 2530 semper
837 2480 986 2530 ornati,
1025 2485 1168 2531 quanto
1195 2478 1290 2516 hinc
1319 2478 1561 2518 ornatiores?
1605 2491 1708 2517 sem-

336 2616 376 2659 3)
408 2615 500 2650 Fort-
529 2618 684 2651 Auream.
721 2618 819 2653 Can.
926 2618 968 2663 4)
998 2619 1093 2653 Fort.
1120 2620 1209 2654 Idus.
1241 2619 1349 2654 Mur.
1449 2618 1492 2661 5)
1523 2617 1707 2662 curopala-

381 2662 590 2740 2⁰³⁸·Mugv'
664 2663 705 2707 6)
729 2664 819 2698 Idus.
845 2662 887 2697 Μ
894 2675 952 2698 nr.
1032 2665 1074 2708 7)
1097 2665 1189 2699 Alias
1209 2665 1345 2700 hirtum.
1369 2663 1469 2698 Gau.
1554 2663 1591 2704 8)
1615 2662 1707 2697 Alias

402 2717 521 2748 yssmo.
589 2717 656 2741 aa.
