1754 2996
261 125 360 173 472
714 131 762 175 C.
791 131 840 174 Β.
867 127 1021 173 HASII
1047 129 1248 173 NOTAE

261 236 415 286 Codex,
446 235 559 274 cuius
578 234 816 287 scripturam
837 233 1003 272 servavi.
1042 222 1224 272 Procliv⁴e
1244 233 1382 273 fuisset
1399 234 1570 274 scribere
1596 248 1707 284 περι-

262 293 527 344 στοιχίσαντα·
558 305 637 343 quo
663 291 785 330 verbo
815 289 1080 342 περιστοιχίζω
1104 289 1208 328 nihil
1235 290 1476 342 fiequentius
1504 291 1552 329 de
1579 289 1705 337 malis,

260 349 436 400 undique
465 348 637 399 aliquem
658 346 916 398 cingentibus.
971 345 1073 384 Vide
1099 358 1256 397 quoque
1286 350 1326 389 7.
1353 347 1397 385 D.
1446 346 1708 385 Nihilominus

219 409 249 443 C
261 405 427 444 verbum
445 402 715 458 περιστοιχέω,
748 403 855 454 quod
873 402 940 440 hic
958 403 1035 440 Leo
1054 403 1275 452 usurpavit,
1306 403 1470 441 exulans
1491 403 1594 441 illud
1614 401 1708 453 qui-

261 461 349 499 dem
366 473 387 499 e
402 460 556 498 Lexicis
574 460 811 509 omninoque
829 458 1096 508 rarissimum,
1126 457 1274 496 offendi
1291 459 1373 497 bis:
1403 457 1579 510 perfecto
1600 457 1710 510 apud.

259 517 429 555 Simeon.
460 516 708 583 Metaphrast.
738 515 830 554 Vita
870 516 907 555 S.
936 489 1120 552 Iohannis
1148 515 1216 557 42.
1244 516 1288 553 B.
1316 511 1465 566 πλήθει
1489 525 1708 568 περιεστοι-

258 577 408 626 χῆσθαι
425 576 566 626 χρεῶν·
597 571 744 610 aoristo
760 571 808 609 in
833 572 870 611 S.
897 571 1032 608 Ioann.
1060 570 1262 621 Chrysost.
1289 571 1469 622 Exposit.
1494 571 1538 609 in
1568 570 1706 609 Psalm.

260 643 459 668 CXXXVIII·
490 628 522 666 Ι
553 628 646 670 844-
679 631 742 670 12.
772 622 1101 680 περιεστοιχήθην
1133 624 1214 667 ὑπὸ
1239 629 1319 666 τῶν
1340 628 1501 667 δεινῶν·
1532 639 1709 678 quapro-

256 691 347 738 pter
369 685 605 736 scripturam
635 683 792 722 Codicis
820 684 1027 721 immutare
1056 696 1135 719 non
1163 696 1249 721 sum
1281 697 1408 721 ausus.
1465 683 1554 721 Alia
1581 684 1710 720 forma

258 741 589 793 περιστοιχείομαι
621 746 808 807 corrupta
837 739 942 791 apud
967 738 1233 776 Timotheum
1244 739 1300 777 De
1328 739 1508 791 prophet.
1538 738 1708 779 Simeon.

258 798 352 839 845
371 798 416 836 E.
444 812 517 849 την
536 795 744 849 παρθένον
762 791 911 847 οἷπείρῳ
929 794 997 834 καὶ
1017 797 1146 848 θεϊκῷ
1167 794 1271 845 φωτὶ
1286 799 1709 847 περιστοιχειωθεῖσαν.

258 854 574 905 Περιστιχίζομαι
603 852 803 902 legebatur
836 851 928 888 olim
960 850 1152 888 A1istaen.
1180 851 1304 902 Epist.
1333 865 1392 890 1x.
1417 853 1484 893 38.
1508 852 1553 890 Β.
1582 864 1710 902 περιε-

259 910 442 961 στιχίζετο
473 906 627 962 κύκλῳ·
662 907 730 946 ubi
755 906 975 945 Dorvillius
1007 913 1045 944 et
1068 906 1258 945 Abresch.
1288 909 1352 949 21.
1380 907 1423 946 A.
1451 912 1558 945 recte
1580 906 1710 944 corri—

257 972 357 1014 gunt
381 964 717 1017 περιεστοιχίζετο,
746 964 937 1015 probante
970 975 1126 1014 quoque
1156 962 1459 1014 Wyttenbachio
1489 962 1711 1002 viro-cele-

256 1021 360 1060 berr.
385 1021 508 1072 Epist.
530 1022 619 1060 crit.
642 1019 872 1058 ad‘Ruhnk.
897 1018 989 1056 edit.
1017 1018 1170 1056 Schaef.
1195 1022 1288 1061 266.
1315 1019 1357 1056 C.

312 1076 416 1116 Ibid.
446 1077 516 1115 lin.
547 1079 613 1118 21.
643 1079 724 1116 τῶν
752 1072 974 1126 φιλτάτων]
1017 1072 1072 1114 To}
1103 1075 1271 1124 φίλτατα
1297 1080 1388 1113 sunt
1419 1074 1557 1123 liberi,
1593 1079 1640 1112 ut
1666 1074 1711 1111 in·

256 1139 353 1170 :nota
381 1132 584 1171 locutione
609 1128 793 1184 κυβεύειν
828 1130 919 1183 περὶ
950 1127 1175 1180 φιλτάτοις,
1203 1131 1450 1169 Wernsdorf.
1487 1131 1538 1168 ad
1564 1130 1710 1168 Himer.

257 1189 351 1230 874.
372 1189 413 1227 C.
440 1189 529 1228 Vid.
559 1201 715 1239 quoque
744 1201 861 1237 supra
890 1190 927 1228 8.
956 1187 997 1225 C.
1044 1187 1142 1224 Item
1170 1186 1403 1225 Valckenar.
1433 1186 1484 1224 ad
1509 1185 1709 1225 Phoeniss.

259 1247 351 1286 193.
381 1248 472 1287 162.
497 1250 536 1282 et
560 1244 693 1282 virum
716 1244 760 1281 in
790 1243 934 1281 litteris
955 1242 1112 1280 Graecis
1138 1242 1360 1297 principem
1381 1242 1548 1293 August.
1572 1241 1711 1280 Bockh

223 1298 311 1336 DIn
346 1300 443 1339 Plat.
476 1300 648 1338 Mino'effl
679 1300 845 1342 123.*B.
887 1299 1075 1348 Reddidi,
1100 1313 1287 1336 carorum
1314 1313 1500 1348 suoram,
1529 1299 1709 1349 exemplo
1740 1316 1743 1318 >

110 2533 148 2566 Ρ.
169 2535 238 2571 237

254 1355 452 1394 Lactantii
481 1357 534 1394 De
563 1369 657 1395 vero
687 1356 796 1393 cultu
825 1355 919 1397 546.
950 1357 1017 1397 23.
1055 1369 1096 1391 se
1120 1368 1237 1392 caro-5·
1256 1369 1352 1392 suos
1365 1357 1452 1392 Deo
1477 1354 1708 1404 relinquere.

256 1411 338 1449 Alii
370 1418 578 1451 verterunt
605 1413 820 1450 carissima
841 1412 1039 1461 pignora,
1070 1415 1118 1448 ut
1138 1410 1261 1450 Henr.
1290 1410 1472 1448 Valesius
1492 1410 1543 1447 ad
1569 1411 1709 1448 Euseb.

255 1467 356 1506 Hist.
399 1468 507 1506 Eccl.
537 1469 630 1511 355.
663 1469 709 1506 D.
749 1467 987 1514 Vulcanius,
1029 1479 1133 1517 quae
1175 1466 1347 1503 habehat
1381 1467 1622 1514 carissima,
1661 1466 1712 1503 ad

256 1523 582 1573 Agath.137.A.
621 1523 768 1561 Eodem
790 1536 906 1560 sensu
926 1519 973 1561 τᾶ
993 1518 1203 1574 τιμιώτατα
1223 1522 1382 1561 videtur
1399 1522 1480 1560 djci
1498 1522 1607 1574 apud
1627 1522 1709 1574 By-

256 1580 450 1618 zantinos.
482 1580 679 1617 Cedrenus
698 1580 746 1617 ΙΙ.
770 1581 863 1621 689.
880 1577 926 1615 A.
980 1606 982 1608 v

368 1639 411 1674 I
408 1651 464 1688 α
466 1639 602 1678 .126.
633 1637 705 1673 lm.
738 1638 801 1677 17.
831 1634 869 1681 ἐς
895 1628 1101 1687 ῥᾳστώνην
1122 1632 1190 1673 καὶ
1213 1648 1374 1682 ποτους,
1391 1630 1510 1686 παροέ
1531 1648 1575 1674 το
1590 1630 1708 1682 εἰκός,

259 1651 567 1743 ἆποκλίναντος]
608 1690 796 1743 Agathias
826 1693 891 1734 19.
922 1690 963 1727 C.
993 1689 1138 1727 Confer
1171 1696 1374 1742 praeterea
1399 1690 1580 1727 Leonem
1589 1690 1709 1731 41).

371 1806 478 1855 Pag.
510 1806 601 1847 127.
631 1804 702 1841 lin.
731 1805 796 1845 13.
825 1800 1045 1854 προχείρως
1070 1804 1154 1848 τοῖς
1181 1797 1390 1854 χρῄζουσιν
1415 1796 1710 1852 ἕπιόαψιλεύων

257 1856 325 1899 τὸν
346 1859 470 1911 ε’λεον]
500 1860 645 1899 Versus
667 1858 829 1909 Phocyl.
850 1859 981 1895 Poem.
1002 1856 1187 1896 admonit.
1212 1861 1287 1899 21:

480 1913 706 1966 Πληρῶσας
729 1913 794 1954 σέο
813 1909 911 1966 χεῖρ’
933 1912 1040 1953 ε’λεον
1057 1909 1239 1966 χρῄζοντι
1259 1924 1476 1965 παρασχου.

259 1969 316 2007 De
348 1970 469 2008 verbo
499 1967 770 2020 ἐπιδαψιλεύω
798 1976 892 2007 nota
924 1969 1080 2021 copiosa
1106 1956 1389 2006 'Hemsterhusii
1417 1967 1468 2005 ad
1495 1967 1658 2007 Lucian.
1677 1966 1707 2006 Ι.

260 2026 354 2068 452
375 2026 546 2063 Medium
563 2027 682 2065 habet
700 2028 778 2064 Leo
798 2026 864 2067 75.
885 2024 931 2063 A.
1279 2016 1397 2052 Μ

373 2081 475 2119 ibid.
506 2083 574 2120 lm.
609 2086 672 2125 18.
701 2078 829 2132 ὁπόση
857 2077 965 2133 παραὶ
990 2078 1061 2127 τοὶς
1089 2076 1232 2131 μάχας]
1262 2077 1384 2116 Addit
1413 2077 1610 2116 Cedrenus
1641 2091 1707 2115 ea-

264 2135 352 2174 dem
370 2150 535 2174 narrans
565 2139 614 2177 II.
645 2142 740 2180 671.
767 2138 807 2175 C.
837 2137 1021 2174 Ioannem
1048 2135 1278 2187 praefecisse
1310 2133 1434 2185 copiis
1460 2134 1602 2182 duces,
1641 2133 1710 2174 ἐπὶ

263 2192 418 2232 συνέσει
446 2192 512 2232 καὶ
537 2193 717 2248 ἐμπειρίᾳ
750 2188 1080 2258 στρατηγημάτων
1099 2189 1377 2244 βεβοημένους.
1435 2190 1502 2228 Sic
1521 2190 1626 2228 enim
1646 2190 1707 2228 le·-

260 2248 433 2299 gendum
450 2248 530 2288 fide
551 2250 671 2288 Codd.
688 2263 771 2287 non
791 2243 1099 2302 στρατευμάτων.

710 2434 783 2476 ΙΝ
828 2433 1099 2478 LIBRUM
1146 2434 1261 2477 VIlI.

376 2528 485 2580 Pag.
516 2529 609 2569 128.
639 2525 711 2562 lin·
744 2528 780 2567 1.
815 2527 895 2576 Τῆς
912 2541 953 2565 τε
970 2528 1192 2578 χειμερινῆς
1218 2523 1449 2576 κατηφείας]
1479 2521 1578 2561 Satis
1600 2521 1706 2561 haud

265 2582 391 2633 liquet
407 2584 455 2622 de
472 2580 747 2621 constituendo
768 2595 872 2618 anno
894 2581 1156 2631 expeditionis
1169 2582 1199 2618 T
1202 2581 1448 2619 zimiscianae
1465 2584 1600 2616 contra
1609 2579 1706 2616 Rus·

264 2652 339 2677 sos.
394 2639 439 2676 In
464 2637 588 2690 pactis
616 2637 841 2689 perscriptis
864 2637 970 2687 apud
989 2637 1140 2675 Nestor.
1160 2637 1321 2680 V.‚172.
1350 2636 1397 2675 A.
1426 2634 1567 2685 legitur
1583 2647 1706 2672 annus

264 2693 402 2730 mundi
432 2696 541 2737 6497
553 2724 565 2742 ,
586 2693 671 2740 xhot:
690 2699 748 2733 est
767 2692 858 2731 Chr.
880 2695 982 2741 971,
1012 2693 1062 2730 ad
1082 2706 1198 2743 quem
1215 2693 1310 2730 item
1329 2690 1618 2743 expeditionem
1638 2702 1705 2727 re·-

263 2751 395 2788 ferunt
429 2751 482 2788 Le
511 2750 616 2788 Beau
640 2750 755 2789 fflst.
778 2748 837 2787 du
865 2750 1115 2799 Bas-Emp.
1145 2749 1250 2787 XVI.
1283 2750 1373 2790 179.
1400 2746 1446 2785 A.
1474 2746 1596 2796 Engel
1626 2746 1706 2783 Ge-
