1676 3054
225 137 325 184 310
653 142 957 185 NICEPHORI
987 141 1215 184 PHOCAE

224 253 373 292 πολλοῦ
398 247 543 305 χρόνου
572 247 831 303 γεγενημένων
846 260 856 271 ·
889 247 946 300 μὴ
967 246 1114 302 ἀγροῦς
1138 248 1397 303 παρέχοντες,
1430 247 1456 302 ἢ
1478 246 1636 300 τόπους,

222 315 249 371 ἢ
269 315 482 369 οἰκοδομὰς
509 318 732 362 ποιοῦντες·
768 312 882 354 ἱκανὰ
903 313 979 368 γὰρ
998 313 1050 354 τὰ
1066 311 1285 369 φθάσαντα
1299 316 1482 370 γενέσθαι
1496 329 1506 338 ·
1543 315 1637 356 ἀλλ’

224 383 377 425 ἐκείνων
402 382 739 436 ἐπιμελείσθωσαν
760 383 840 421 τῶν
861 381 1028 436 ἔξαρχῆς
1050 378 1302 436 προσόντων,
1340 380 1522 436 δηλονότι
1546 382 1640 430 τοὺς

222 451 348 498 ἰδίους
375 448 522 496 τόπους
543 447 860 499 ἀπεμπολοῢντες
879 447 979 502 πρὸς
1005 447 1237 500 κοσμικοῦς,
1274 450 1339 489 καὶ
1359 450 1402 490 ἐκ
1417 453 1489 503 τῆς
1509 448 1640 490 αὐτῶν

221 520 339 570 ’τιμῆς
373 515 445 569 τὴν
476 512 752 569 ἐπανόρθωσιν
780 517 1007 565 ποιοῦντες,
1051 514 1253 557 τουτέστιν
1293 515 1506 568 οἰκοδομὰς
1533 520 1675 567 βοῶν5

222 584 288 625 καὶ
309 583 519 635 ποιμνίων,
557 581 622 621 καὶ
651 581 809 622 οἰκετῶν
834 579 1063 634 ἒξωνήσεις,
1104 583 1169 622 καὶ
1192 581 1231 623 εἶ’
1253 598 1291 623 τι
1318 582 1461 638 ἕτερον.
1520 582 1642 637 εἴργε-

222 654 323 691 σθαι
353 649 397 689 δὲ
424 645 630 701 κελεύομεν
654 651 726 689 τοῦ
753 647 810 701 μὴ
841 648 932 695 νέας
957 646 1191 703 ἐργάζεσθαι
1218 648 1366 702 μονὰς,
1403 647 1428 702 ἢ
1459 650 1638 699 ξενῶνας,

221 715 247 769 ἢ
266 716 524 770 γηρωκομεῖα,
570 712 670 756 ὥστε
690 713 767 755 ἀπὸ
789 718 861 755 τοῦ
877 718 969 765 νῦν,
1008 713 1101 769 ὅπερ
1123 715 1228 756 ἐστὶν
1246 713 1271 768 ἢ
1292 715 1394 770 ἀρχὴ
1415 719 1486 768 τῆς
1509 714 1541 766 ζ’
1558 716 1641 755 ἔπι-

222 780 432 835 νεμήσεως,
468 782 606 835 μηδενὶ
630 780 772 829 ἐξέστω
793 780 850 834 μὴ
874 779 1031 835 ἇγρούς,
1067 781 1124 834 μὴ
1145 779 1304 832 τόπους,
1341 781 1398 835 μὴ
1420 782 1546 830 οἰκίας
1564 798 1642 834 μο-

222 850 471 903 ναστηρίοις,
507 846 532 901 ἢ
571 848 871 906 γηρωκομείοις,
908 846 934 900 ’ἢ
964 849 1122 895 ξενῶσιν
1151 845 1334 889 ὁπωσοῦν
1354 848 1676 903 παραπέμπεινΛΔ

222 915 316 957 ἀλλ’
343 915 435 956 οὐδὲ
455 912 766 969 μητροπόλεσιν,
802 913 827 967 ’ἢ
851 914 1092 961 ἔπισκοπαΐς.
1140 913 1254 955 οὐδὲν
1274 913 1373 968 γὰρ,
1410 914 1525 956 οὐδὲν
1545 916 1641 956 ἐκεί-

220 998 306 1029 ναις
324 981 531 1029 λυσιτελές.
568 982 602 1021 εἲ
621 980 667 1020 δέ
674 996 763 1021 τινα
781 984 860 1021 τῶν
881 977 1129 1035 φθασάντων
1146 980 1297 1035 εὖαγῶν
1316 980 1447 1032 οἴκων,
1470 980 1495 1034 ἢ
1513 998 1641 1034 μονα-
1658 1002 1675 1036 j

221 1048 407 1103 στηρίων,
443 1046 467 1101 ἢ
490 1044 793 1101 μητροπόλεων,
830 1045 1117 1100 ἢέπισκοπῶν,
1153 1046 1341 1101 τοιαύτης
1366 1046 1524 1103 φαύλης
1552 1046 1641 1089 ἴτυ-

216 1131 292 1169 χον
307 1113 440 1169 χειρὸς
465 1115 529 1154 καὶ
555 1114 761 1167 προνυιάς,
800 1111 853 1162 ὥς
873 1111 1000 1168 ἔρημα
1022 1112 1155 1155 τόπων
1173 1117 1504 1169 καταλελεῖφθαι·
1546 1112 1641 1156 τού-

221 1198 306 1229 τοις
329 1179 464 1235 γνώμῃ
491 1183 676 1234 βασιλικῇ
703 1181 768 1220 καὶ
798 1177 1053 1237 δοκιμασίαῆ
1081 1184 1160 1221 τῶν
1183 1179 1408 1236 ἀρκούντων
1430 1183 1567 1235 κτῆσις
1593 1181 1639 1223 οὗ
1653 1191 1676 1225 1.

222 1245 511 1300 κωλυθήσεται.
560 1247 691 1287 κελλιά
713 1247 778 1297 δὲ,
816 1248 881 1287 καὶ
901 1246 974 1295 τὰς
999 1247 1243 1299 καλουμένας
1274 1245 1449 1302 λαύρας,
1487 1248 1528 1289 ἓν
1550 1246 1643 1303 ἐρή-

221 1330 312 1368 μοις
340 1314 586 1365 οἰκοδομεῖν,
624 1312 681 1366 μὴ
713 1312 813 1368 πρὸς
841 1311 995 1367 κτήσεις
1022 1315 1087 1354 καὶ
1116 1313 1262 1368 ἆγροῷς
1289 1312 1446 1369 ἑτέρους
1476 1314 1642 1356 ἔκτεινο-

220 1381 355 1433 μένας,
393 1379 496 1420 ἀλλὰ
517 1384 567 1434 τῇ
586 1384 747 1435 περιοχῇ
771 1377 875 1434 μόνῃ
894 1384 943 1434 τῇ
968 1381 1050 1436 ἰδίᾳ
1069 1378 1307 1435 ὅριζομένας,
1345 1378 1525 1437 τοσούτῳ
1548 1381 1643 1429 τοὺς

221 1446 489 1500 βουλομένους
511 1446 584 1487 οὐκ
606 1446 783 1502 εἶ’ργομεν
791 1478 805 1497 ,
842 1444 924 1503 ὅσῳ
943 1448 1015 1487 καὶ,
1030 1445 1088 1487 δι’
1122 1447 1280 1488 ἐπαίνου
1297 1450 1452 1500 μᾶλλον
1471 1447 1518 1489 τὸ
1537 1452 1643 1503 πρᾶ-

218 1530 301 1569 γμα
321 1514 494 1566 τίθεμεν.
1649 1525 1676 1559 2

307 1594 356 1631 ‘H
374 1593 467 1640 αυτή
490 1595 603 1650 νεαροὶ
626 1593 853 1649 Νικηφόρου
860 1591 940 1630 τοῦ
961 1593 1129 1650 βασιλέως
1151 1590 1362 1649 ὁλόκληρος
1369 1619 1380 1637 ,
1404 1592 1451 1640 ἣν
1471 1595 1565 1631 κατὰ
1594 1594 1635 1631 τὸ

226 1641 251 1678 ά
275 1639 352 1682 ἔτος
378 1642 442 1686 τῆς
464 1638 578 1676 αὐτοῦ
600 1642 800 1688 βασιλείας,
829 1637 911 1685 ἦτοι
941 1638 1033 1674 κατὰ
1057 1638 1123 1684 τὴν
1146 1638 1178 1681 ζ’
1206 1638 1410 1685 ἐπινέμησιν
1437 1643 1506 1676 τοῦ
1539 1640 1640 1688 ςυοβ’

314 1729 366 1767 14.
388 1731 688 1774 καταλειφθῆναι.
745 1730 831 1763 Ex
848 1729 1083 1775 antiquissimis
1102 1729 1297 1763 membranis
1305 1729 1506 1765 Electoralis
1523 1731 1641 1765 biblio-

311 1777 431 1809 thecae
445 1775 629 1809 Palatinae.
659 1775 864 1809 LEUNCL.

224 1865 315 1898 facta
344 1865 501 1905 fuerunt3
533 1876 594 1898 nec
626 1864 676 1898 eis
703 1863 840 1905 fundos,
875 1867 933 1896 aut
967 1864 1042 1897 loca
1068 1863 1208 1904 donent,
1236 1863 1292 1896 vel
1318 1863 1469 1898 aedificia
1499 1867 1640 1900 struant.

225 1910 358 1952 Quippe
383 1909 552 1942 sufficiunt
573 1919 631 1949 ea,
655 1919 741 1952 quae
764 1908 827 1942 iam
847 1913 947 1941 antea
964 1909 1055 1942 facta
1073 1912 1159 1942 sunt.
1203 1908 1272 1941 Sed
1286 1920 1395 1942 eorum
1410 1910 1566 1943 bimorum
1582 1922 1640 1943 cu-

225 1965 293 1986 ram
310 1958 447 1995 gerant,
471 1965 558 1998 quae
575 1954 639 1986 iam
665 1953 784 1986 dudum
810 1954 947 1994 adsunt,
971 1953 1045 1986 loca
1069 1953 1195 1985 scilicet
1217 1953 1353 1997 propria
1371 1953 1539 1987 mundanis
1557 1966 1639 1987 ven—

224 1998 361 2038 dentes,
387 2002 420 2031 et
438 2010 479 2030 ex
498 2010 606 2031 eorum
628 1998 735 2042 pretio
761 1998 1034 2031 restaurationem
1060 1997 1290 2037 instituentes,
1313 1998 1374 2030 hoc
1397 2005 1469 2038 est,
1493 2003 1639 2031 structu-

225 2053 280 2075 ras
307 2047 340 2074 et
359 2042 486 2075 stabula
511 2043 605 2075 boum
623 2054 662 2075 ac
681 2054 837 2085 gregum,
862 2046 895 2074 et
913 2041 1145 2085 mancipiorum
1165 2042 1331 2083 emtiones,
1350 2046 1385 2075 et
1402 2043 1431 2074 si
1447 2042 1527 2086 quid
1547 2043 1638 2076 aliud

224 2086 294 2119 tale
317 2086 428 2119 suerit.
474 2087 610 2120 Eisdem
630 2087 798 2130 prohiberi
817 2087 983 2128 iubemus,
1006 2098 1048 2119 ne
1067 2086 1250 2119 mansiones
1271 2097 1394 2127 novas,
1417 2091 1476 2119 aut
1494 2098 1639 2121 xenones

224 2135 283 2164 aut
314 2131 499 2172 gerocomia
525 2132 678 2164 condant.
735 2131 902 2183 Adeoque
923 2132 965 2164 ab
995 2131 1059 2164 hoc
1092 2137 1263 2173 tempore,
1303 2111 1394 2174 quod
1424 2131 1551 2164 initium
1585 2136 1638 2166 est

223 2175 412 2208 indictionis
441 2176 619 2219 septimae,
652 2176 773 2208 nemini
801 2175 992 2220 permissum
1016 2175 1061 2207 sit
1088 2186 1204 2218 agros,
1235 2186 1295 2207 nec
1325 2175 1417 2215 loca,
1448 2187 1509 2209 nec
1540 2175 1636 2210 villas

226 2220 268 2255 ad
298 2221 514 2261 monasteria,
546 2221 600 2252 vel
623 2221 826 2264 gerocomia,
858 2220 912 2253 vel
927 2230 1089 2259 xenone8‚
1114 2230 1314 2263 quocumque
1338 2220 1451 2261 modo,
1475 2232 1538 2253 nec
1558 2221 1636 2254 item

227 2265 270 2298 ad
285 2265 483 2308 metropoles
502 2264 557 2296 vel
574 2265 784 2308 episcopatus
800 2264 1033 2298 transmittere.
1080 2263 1175 2296 Nihil
1191 2264 1274 2296 enim
1302 2265 1385 2304 hoc,
1408 2265 1490 2298 nihil
1514 2265 1563 2297 eis
1579 2277 1636 2299 ex-

227 2309 331 2361 pedit.
375 2312 420 2342 At
443 2320 542 2348 vero,
569 2309 599 2341 si
618 2320 700 2352 quas
723 2310 787 2343 iam
814 2314 912 2342 antea
937 2308 1085 2342 conditas
1110 2308 1283 2352 religiosas
1302 2308 1433 2350 dnm05,
1454 2309 1509 2343 vel
1526 2321 1635 2342 mona-

228 2354 350 2394 steria,
379 2354 433 2387 vel
458 2353 673 2405 metropoles,
708 2354 762 2387 vel
795 2354 1025 2397 episcopatus,
1057 2352 1139 2385 adeo
1167 2353 1379 2405 negligenter
1412 2353 1635 2387 administrari

228 2399 403 2442 curarique
416 2397 615 2441 contigerit,
637 2402 675 2430 ut
692 2409 801 2431 omnes
822 2398 941 2431 fundos
959 2397 1144 2431 amiserint:
1167 2397 1208 2430 iis
1228 2398 1271 2432 de
1287 2398 1449 2431 sententia
1464 2403 1499 2431 et
1508 2409 1636 2442 appro-

228 2443 358 2476 batione
373 2442 531 2488 principis
546 2453 669 2484 eorum,
688 2454 773 2486 quae
792 2442 971 2482 sufficiant,
993 2442 1167 2485 acquisitio
1189 2454 1255 2475 non
1274 2442 1511 2487 prohibebitur.
1556 2442 1635 2475 Cel—

228 2488 311 2521 lulas
334 2494 464 2527 autem,
486 2491 521 2520 et
536 2498 593 2520 eas
612 2498 697 2530 quae
714 2488 828 2521 laurae
844 2491 1026 2528 vocantur,
1050 2486 1086 2519 in
1101 2486 1183 2519 locis
1200 2487 1342 2520 desertis
1357 2492 1545 2531 exstruere,
1568 2498 1633 2520 non

228 2532 270 2564 ad
296 2532 518 2576 possessiones
545 2538 579 2564 et
605 2542 704 2574 agros
730 2531 813 2564 alios
840 2544 876 2564 se
903 2531 1130 2575 porrigentes3
1158 2532 1217 2564 sed
1249 2532 1337 2564 intra
1360 2542 1450 2564 suum
1473 2531 1634 2564 duntaxat

229 2577 384 2610 ambitum
400 2578 581 2616 conclusas,
603 2579 695 2608 tanto
713 2576 819 2609 minus
836 2576 913 2617 illis,
936 2576 993 2620 qui
1011 2576 1133 2617 volent,
1150 2576 1370 2621 proffibemm,
1388 2579 1510 2621 quanto
1529 2575 1633 2637 magis

228 2621 337 2654 hanc‘
329 2633 432 2666 lpsam
445 2633 513 2655 rem
530 2621 566 2654 iu
581 2620 677 2654 laude
694 2620 850 2665 ponimus.

317 2689 448 2722 Eadem
468 2688 600 2721 novella
617 2686 797 2730 Nicephori
820 2687 1034 2730 Imperatoris
1053 2687 1202 2732 integra,
1224 2698 1324 2730 quam
1345 2697 1431 2719 anno
1443 2686 1552 2730 primo
1572 2685 1634 2719 im-

228 2733 392 2775 perficias
412 2734 481 2767 sive
497 2733 573 2767 VII.
596 2733 783 2775 indictione,
805 2734 887 2766 anni
907 2732 1437 2776 VlcloccchXX11.[christi
1451 2732 1525 2766 nali
1539 2731 1632 2775 9634
