1676 3054
209 138 308 185 286
576 144 891 188 THEODOSI]
919 142 1191 188 ACROASIS
1219 144 1291 188 111.

340 247 458 307 ἒγῶςε
476 257 556 294 τῶν
573 257 656 294 σῶν
678 254 871 299 δουλικῶς
891 250 1093 305 ἐγκωμίων

339 317 360 363 ὃ
379 324 452 374 τῆς
471 318 677 375 παρούσης
694 316 847 373 ἡμέρας
862 315 1114 373 λογογράφος

338 384 567 442 ἇπάρχομαι
591 387 663 439 μὲν
674 418 686 437 ,
723 384 830 428 ἀλλὰ
847 388 920 438 τῆς
940 384 1134 438 ἀτολμίας

335 453 386 495 τὰ
404 454 545 508 κέντρα
564 458 707 504 κεντεῖ,
745 453 812 495 καὶ·
830 449 954 505 βιάζει
979 451 1050 493 τὸν
1068 449 1198 505 λόγον.

335 519 385 562 σύ
409 520 478 568 δὸς
496 520 542 561 τὸ
563 523 738 577 τολμᾷν,
777 516 950 574 ἐξάνοιγε
970 517 1015 560 τὸ
1035 516 1181 572 στόμα,
1323 518 1364 558 “2
1564 529 1606 562 15

335 588 495 635 δίδαξον
515 584 622 640 ἡμᾶς
640 586 698 640 μὴ
720 590 876 643 σιωπᾷν
895 583 1078 636 εὐκόλως,

333 652 431 697 ὅταν
452 651 629 707 τοσαύτη
651 653 842 709 συμφορὰ
868 659 952 700 τοῖς
971 649 1207 708 βαρβάροις.

332 718 502 762 πλάτυνε
521 720 591 762 τὸν
608 718 792 775 φάρυγγα
812 723 861 774 τῇ
883 718 1107 776 παρρησία·

331 789 396 828 καὶ
418 787 493 842 γὰρ
516 792 720 828 στενοῧται
744 784 988 841 προσβαλών
1010 800 1083 827 σου
1099 791 1183 837 τοῖς
1201 781 1360 833 πόνοις·

332 853 481 911 ἀγωνιᾷ
500 855 608 908 χεὶρ,
647 853 814 909 εἴργεται
832 856 928 900 νοῦς
944 850 1146 902 πολλάκις,
1367 906 1381 913 μ
1557 863 1603 897 20

329 921 583 961 συστέλλεται
602 920 668 972 δὲ,
706 922 772 961 καὶ
792 926 968 961 πτοεῖται
982 951 994 969 ,
1030 920 1096 959 καὶ
1115 918 1248 960 θέλων

331 994 415 1035 τοῖς
435 994 521 1035 σοΐς
539 988 712 1039 βαδίζειν
730 983 1059 1041 χριστομιμήτοις
1078 983 1252 1040 τρόποις,

331 1052 385 1101 ὥς
404 1054 513 1102 πτὼξ
532 1053 717 1102 δεδοικώς
735 1053 808 1101 τὰς
828 1051 947 1101 ὁδοὺς
972 1052 1196 1107 περιτρέχει.

330 1120 380 1162 σύ
397 1120 473 1175 γὰρ
491 1120 536 1161 τὸ
557 1124 668 1178 νικᾷν
685 1124 891 1173 πανταχοῦ
911 1119 1157 1173 κεκτημένος,

330 1187 375 1228 τὸ
399 1187 529 1228 κοινὸν
551 1186 762 1241 ὠφέλησας
770 1219 783 1237 ,
818 1185 996 1240 ηὕξησας
1015 1183 1152 1239 μόνος,
1332 1219 1336 1222 .
1558 1192 1603 1227 25

329 1253 378 1295 σὺ
401 1253 474 1306 τὴν
497 1251 687 1308 φάλαγγα
706 1257 787 1295 τῶν
806 1254 992 1295 ἐναντίων
1013 1251 1149 1300 πόνοις

327 1319 496 1373 ὤθησας
516 1322 570 1368 εἷς
589 1318 778 1376 φάραγγα
795 1318 1010 1373 δυσβάτων
1025 1318 1170 1361 τόπων.

322 1386 372 1429 σὺ
394 1386 468 1434 τὰς
490 1385 623 1435 πόλεις
642 1386 816 1440 ἴπλησας
834 1387 881 1428 οὗ
902 1385 1058 1428 σκύλων
1073 1384 1222 1438 μόνων,

320 1453 413 1494 ἀλλ’
436 1451 592 1508 εἰρήνης
611 1452 805 1507 ἴπλησας,
843 1455 908 1494 καὶ
932 1457 1082 1507 πολλῆς
1103 1450 1233 1505 δόξης.

323 1518 585 1574 ἄγαλλιάσθω
607 1518 717 1568 τάξις
739 1519 911 1574 ἀγγέλων
931 1519 1036 1571 ἄνω,
1551 1528 1598 1562 30

318 1587 516 1642 χορευέτω
535 1584 722 1640 σύστημα
741 1591 822 1628 τῶν
840 1591 998 1642 βροτῶν
1018 1584 1139 1628 κάτω.

321 1652 394 1706 οὐχ
406 1651 609 1708 Ἡρακλῆς
626 1653 749 1695 ἴσωσε
769 1658 841 1695 τοῦ
861 1652 1005 1708 κήτους
1028 1651 1206 1709 Φρύγας,

323 1718 356 1761 ὅ·
369 1718 565 1774 δεσπότης
586 1722 630 1762 δὲ
648 1719 800 1773 κόσμον
820 1722 863 1762 ἐκ
881 1722 1133 1776 φονουργίας.

321 1786 368 1828 οὗ
393 1788 629 1844 Μελέαγρος
644 1792 716 1830 τοῦ
735 1787 860 1844 πυρὸς
878 1788 952 1842 τὴν
971 1788 1164 1843 πατρίδα,

322 1851 343 1895 ὅ
360 1852 563 1907 Ῥωμανὸς
585 1856 628 1896 δὲ
647 1860 780 1896 πᾶσαν
801 1855 890 1910 ἄρτι
911 1855 984 1909 τὴν
1002 1856 1140 1896 κτίσιν.
1548 1866 1594 1902 35

319 1926 404 1968 τοῖς
424 1928 510 1969 σοΐς
522 1921 668 1964 Ἀλωεῢ
688 1925 749 1970 τίς
761 1920 880 1977 χάρις
896 1923 1008 1963 παισὶ
1029 1919 1154 1963 πάλαι

277 2004 331 2037 11.
363 2003 436 2038 Ser.
461 2002 578 2049 ἔγωγε.
645 2005 697 2040 14.
728 2009 846 2041 κεντεῖ
865 2017 926 2040 om.
950 2005 990 2038 C.
1015 2016 1057 2038 ex
1079 2004 1152 2038 cod.
1175 2002 1324 2038 restituit
1342 2001 1384 2035 F.
1472 2002 1529 2037 28.
1552 2002 1620 2043 τοὶς

274 2046 389 2087 πόλας
420 2050 481 2092 (ex
512 2050 585 2084 cod.
608 2053 696 2084 teste
724 2051 797 2095 R),
823 2055 856 2084 in
881 2054 949 2084 not.
983 2052 1060 2093 lego
1082 2048 1204 2089 πόλως
1234 2046 1386 2093 (πόλεις
1411 2046 1541 2089 voluit)
1575 2048 1618 2081 C.

276 2093 333 2126 29.
358 2093 483 2127 Versus
508 2095 668 2137 auctoris,
690 2100 728 2130 ut
749 2097 896 2138 videtur,
921 2095 1018 2139 culpa
1041 2094 1193 2128 vitiosus.
1281 2094 1338 2128 31.
1360 2090 1556 2136 χορευτέτω
1574 2092 1613 2125 C.

275 2138 331 2171 36.
362 2137 437 2173 Scr.
460 2141 598 2174 παισίν.
1277 2147 1285 2155 ”

185 2203 263 2247 Ego
285 2207 420 2237 >tuarum
444 2205 593 2247 laudum,
622 2209 662 2240 ut
693 2217 823 2239 servum
858 2205 975 2246 decet,
1009 2204 1152 2250 scriptor
1182 2204 1291 2237 factus
1319 2202 1385 2236 hac
1411 2201 1467 2235 die
1489 2202 1615 2247 incipio

186 2249 336 2294 quidem:
359 2250 419 2282 sed
444 2250 627 2284 formidinis
650 2251 771 2285 stimuli
794 2263 846 2284 me
872 2253 993 2294 urgent
1013 2253 1049 2283 et
1065 2249 1245 2283 orationem
1260 2252 1422 2292 premunt.
1468 2247 1527 2281 'l'u
1542 2247 1616 2280 ani-

185 2305 271 2328 mum
287 2298 431 2338 praesta,
454 2294 599 2337 linguam
617 2299 653 2328 tu
670 2296 762 2329 solve
778 2307 893 2336 meam,
917 2300 954 2328 tu
973 2295 1077 2328 edoce
1091 2305 1152 2327 nos
1172 2292 1262 2338 loqui
1278 2292 1510 2332 confidentius,
1533 2302 1617 2337 quo-

185 2339 271 2372 niam
295 2343 391 2372 tanta
415 2345 468 2372 est
493 2339 645 2372 barbaris
666 2341 831 2384 angustia.
876 2340 991 2373 Dilata
1016 2342 1132 2383 guttur
1150 2338 1229 2371 data
1248 2338 1341 2372 fandi
1361 2337 1477 2381 copia,
1501 2341 1615 2370 arcta-

184 2388 240 2418 tur
253 2383 337 2416 enim
353 2387 449 2428 gesta
468 2386 529 2416 tua
547 2385 765 2428 aggrediens:
788 2385 880 2419 labat
897 2395 1031 2424 manus,
1055 2383 1189 2427 saepius
1209 2394 1299 2416 mens
1319 2382 1458 2434 refugit,
1480 2385 1614 2415 conm-

183 2429 275 2462 hitur
301 2432 336 2462 et
355 2429 522 2472 pavescit,
547 2435 581 2462 et
611 2430 745 2473 cupiens
772 2434 846 2463 tuos
870 2430 1038 2462 imitantes
1053 2428 1222 2462 Christum
1247 2437 1355 2461 mores
1373 2436 1512 2470 pingere
1541 2429 1613 2458 tre-

183 2473 264 2516 pide
291 2473 527 2506 circumcursat
554 2474 661 2507 instar
691 2475 824 2518 leporis.
870 2475 958 2508 Nam
985 2478 1022 2507 tu
1050 2478 1246 2517 assequutus
1269 2471 1415 2514 undique
1439 2469 1614 2510 victorias,

183 2518 416 2561 rempublicam
434 2518 570 2558 iuvisti,
594 2519 716 2552 auxisti
744 2519 844 2552 solus.
891 2519 947 2551 Tu
965 2518 1094 2561 ingenti
1110 2518 1223 2551 labore
1240 2516 1386 2551 hostium
1407 2514 1539 2558 agmina
1554 2524 1612 2546 re-

184 2563 308 2606 degisti
323 2563 360 2596 in
379 2563 452 2596 loca
469 2567 662 2608 praerupta,
685 2570 720 2596 et
733 2563 905 2607 impervia.
952 2564 1008 2596 Tu
1027 2564 1128 2596 urbes
1143 2561 1318 2606 replevisti
1331 2570 1398 2594 uon
1413 2558 1517 2592 solum
1531 2568 1610 2601 spo-

182 2606 237 2639 liis
250 2631 260 2647 ,
283 2608 342 2641 sed
368 2608 468 2642 etiam
484 2619 568 2653 pace
586 2613 687 2652 atque
712 2609 813 2642 multa'
828 2608 948 2652 gloria.
991 2608 1151 2642 Exsultat
1171 2607 1368 2651 Angelorum
1383 2603 1465 2638 ordo
1482 2603 1518 2636 in
1531 2613 1611 2636 cae·-

183 2651 243 2691 lis,
273 2653 437 2696 tripudiet
470 2658 583 2687 coetus
614 2653 798 2686 mortalium
828 2654 864 2686 in
885 2651 1006 2686 terriss=
1038 2664 1102 2686 non
1126 2652 1290 2687 Herculea
1316 2648 1464 2683 servavit
1487 2658 1509 2681 a
1535 2651 1611 2680 cete

182 2695 372 2740 Phrygios,
394 2698 454 2731 sed
482 2698 704 2732 mundum-ab
728 2698 859 2731 immani
885 2698 990 2731 caede
1014 2697 1184 2742 Despota:
1206 2707 1272 2730 non
1296 2695 1338 2728 ab
1353 2691 1483 2726 ilnmaui
1498 2691 1611 2725 bellua

182 2740 356 2786 Meleager
381 2744 628 2788 patriam,..sed
641 2743 832 2778 universum
850 2753 957 2789 nuper
973 2742 1139 2778 Romanus
1157 2743 1280 2776 orhem-
1325 2738 1419 2780 Quid
1434 2737 1512 2772 ὼ
1529 2747 1608 2782 1)ῑο-
