1760 3034
378 151 439 193 IN
477 148 801 194 THEonosu
833 148 1141 194 ACRoAsES.
1205 153 1213 157 ’
1392 139 1493 194 553

123 253 131 259 ’
153 248 247 299 115.
276 250 515 308 Μεμηνότα]
544 255 702 294 Mallem
734 252 968 307 μεμηνότες,
1006 256 1117 307 quod
1145 255 1330 294 carminis
1358 257 1496 309 expli—

20 344 23 347 .
41 311 189 350 cationi
204 312 328 363 magis
357 312 573 352 cohaereat.
630 311 749 363 [Bene
764 310 884 349 habet
904 309 1116 364 μεμηνόςα.
1137 312 1239 351 diem
1255 313 1319 350 ini
1337 313 1495 352 abomi-

38 367 261 419 nabantur,
290 374 490 420 tamquam
513 367 667 406 hostem
686 369 729 406 in
747 368 857 420 ipsos
875 368 1085 408 furentem.
1103 369 1149 408 F.
1168 367 1220 420 L]
1484 383 1489 386 ·

155 441 248 480 117.
277 438 554 491 Λελειμμένοι]
585 438 663 485 Qui
693 451 836 490 nempe
867 438 1098 490 superstites
1124 446 1333 479 evaserant
1348 441 1396 479 ab
1424 455 1495 480 ac-

45 500 157 546 cepta
188 495 313 534 clade.
375 495 479 534 Audi
510 496 681 533 Leonem
708 494 946 533 Diaconum:
990 494 1165 534 Tandem
1190 497 1332 534 multia
1359 512 1496 536 eorum

42 553 174 588 caesis
204 553 250 588 in
273 553 427 604 fugam
459 559 669 589 vertuntur
690 565 765 602 per
787 558 967 602 angusta
981 552 1143 603 viariam
1163 552 1350 591 cedentes.
1405 555 1499 592 Ro-

41 609 156 644 mani
180 621 273 645 vero
306 622 371 646 eos
408 609 615 660 insequuti
645 605 731 644 dire
757 606 1041 655 trucidabant3
1083 610 1156 659 qui
1180 623 1271 647 vero
1302 609 1499 648 hactenus

41 665 272 713 superstites
291 671 417 714 erant,
440 678 492 700 ac
510 670 701 715 quotquot
720 662 847 714 ezr-‚dor
864 663 957 700 belli
974 678 1054 701 non
1073 663 1350 717 demas-uerat,
1362 669 1498 718 proie-

41 721 120 756 ctis
152 721 279 757 armis
307 723 349 759 in
360 720 555 772 prdeceps
570 719 837 757 vertebantur.
893 719 982 757 vid.
1001 721 1162 770 Pagium
1177 721 1272 759 ibid.
1290 735 1380 774 pag.
1400 722 1496 766 875.

0 801 1 820 3
41 775 245 814 Cornelius
273 790 295 814 a
318 777 476 815 Codicis
502 776 674 814 lectione
692 776 882 814 recedens
898 775 1024 814 edidit
1045 777 1277 830 λελεγμένοι.

153 850 248 889 126.
267 844 480 898 Ἔπαττον]
510 845 620 884 Nihil
635 845 702 884 hic
719 846 884 885 verbum
902 845 1068 887 ἓπαπον
1081 878 1095 897 ,
1121 861 1197 886 nec
1218 848 1370 899 dubito,
1397 848 1495 900 quin

41 902 97 941 sit
123 901 330 953 legendum
357 902 560 956 ἔπραττον.

152 976 247 1016 127.
281 973 364 1025 Τίς]
394 972 601 1012 Cornelius
626 973 833 1024 legendum
853 986 935 1011 esse
954 973 1192 1012 coniectavit
1205 975 1266 1022 τίς
1282 973 1359 1024 ὥς,
1388 982 1492 1026 «111οὲ
1521 973 1564 1007 P·
1583 973 1653 1009 387

38 1029 167 1079 niam,
194 1029 346 1081 inquit,
375 1037 411 1067 et
433 1044 613 1078 carmen,
644 1037 681 1067 et
696 1044 838 1067 sensus
852 1030 998 1067 melius
1017 1045 1057 1067 se
1078 1031 1292 1071 habebunt.
1350 1033 1495 1070 Sensus
1518 1019 1593 1053 ‘3⁰¹‘
1611 1022 1631 1054 ²

40 1092 174 1133 certe,
200 1086 335 1124 addita
370 1086 566 1138 particula
589 1085 666 1135 οἷς,
693 1086 817 1137 magis
834 1087 1069 1137 perspicuus
1090 1087 1215 1134 foret,
1243 1087 1312 1126 sed
1334 1101 1495 1127 carmen

38 1142 153 1180 1111110
181 1142 302 1180 1110ᾶο
330 1143 470 1180 melius
490 1155 531 1180 se
555 1141 735 1190 haberet,
762 1155 883 1193 quum
908 1141 1010 1180 nihil
1026 1143 1070 1180 in
1088 1156 1134 1180 eo
1158 1143 1260 1181 desit
1280 1144 1329 1181 ad
1350 1144 1495 1182 senarii

41 1198 388 1250 complementum.
425 1198 558 1246 Quare
574 1198 676 1236 nihil
692 1211 775 1235 esse
791 1198 1014 1239 addendum
1034 1199 1216 1249 arbitror,
1234 1199 1495 1252 praedictam.

40 1266 116 1306 que
142 1255 380 1305 particulam
396 1254 529 1307 potius
553 1267 635 1293 esse
653 1254 1029 1304 subintelligendam.

152 1323 255 1362 Ibid.
281 1320 512 1376 Ἰδομενεύς]
542 1325 773 1363 Idomeneus
798 1337 872 1363 rex
903 1323 1122 1373 Cretensis,
1151 1323 1220 1375 qui
1249 1324 1421 1363 maxime
1448 1325 1494 1364 111

39 1379 213 1418 Troiano
229 1380 334 1418 bello
359 1380 561 1421 inclaruit.
615 1381 691 1418 Hic
710 1393 799 1418 cum
819 1386 914 1432 post
931 1393 1104 1418 eversam
1123 1380 1282 1419 Troiam
1302 1394 1393 1419 cum
1410 1381 1494 1420 suis

39 1442 323 1487 reverteretur,
354 1443 394 1474 et.
422 1436 510 1474 dira
543 1443 776 1488 tempestate
809 1437 891 1474 eius
924 1436 1061 1474 classis
1078 1437 1308 1486 agitaretur,
1336 1437 1500 1476 devovit

38 1491 125 1530 Diis
152 1492 469 1531 sacrificaturum
500 1505 541 1530 se
559 1495 667 1542 rem,
695 1506 796 1544 quae
820 1492 855 1530 ei
879 1493 1052 1543 primum
1070 1499 1305 1532 occurreret.
1362 1493 1499 1544 ltaque

39 1547 183 1596 filium,
211 1548 279 1600 qui
298 1549 450 1600 primus
466 1548 500 1587 ei
519 1549 675 1586 obviam
694 1549 819 1595 venit,
847 1548 1102 1599 sacrificavit,
1128 1549 1206 1598 vel,
1238 1555 1285 1587 ut
1308 1549 1395 1586 aliis
1414 1549 1499 1600 pla-

42 1609 129 1652 cet,
159 1604 372 1642 sacrificari
403 1604 537 1654 iussit,
567 1605 617 1643 ob
638 1619 756 1656 quam
785 1617 940 1642 causam
968 1618 991 1642 a
1024 1605 1176 1643 civibus
1201 1618 1321 1654 regno
1343 1606 1500 1656 pulsus,

41 1659 286 1700 Salentinum
308 1661 508 1699 Calabriae
534 1660 852 1713 promontorium
874 1661 1058 1710 divertit,
1088 1661 1154 1699 ubi
1177 1661 1376 1699 civitatem
1396 1675 1499 1701 con—-

42 1715 159 1756 didit.

154 1788 247 1828 129.
282 1782 378 1838 Τάς]
407 1787 474 1825 810
498 1787 646 1836 Codex,
674 1792 713 1825 et
732 1786 790 1824 sic
809 1799 967 1838 quoque
990 1786 1191 1825 Cornelius
1207 1787 1498 1827 emendandum

44 1842 211 1880 censuit.

155 1914 247 1955 130.
263 1907 426 1963 Ἀτρὲως
444 1907 576 1965 γόνος]
596 1913 926 1963 Agamemnonem
942 1912 1120 1963 intellige
1138 1911 1250 1951 Atrei
1272 1926 1321 1951 ex
1342 1912 1496 1966 Aerope

41 1967 182 2008 filium.
238 1968 275 2006 Is
308 1968 559 2006 Idomeneum
585 1969 636 2007 ad
659 1970 848 2020 praelium
869 1969 1055 2007 adversus
1073 1969 1265 2007 Troianos
1283 1969 1379 2007 sorti
1399 1970 1496 2007 ani-

27 2037 107 2072 -mo
130 2024 474 2073 committendum,
503 2031 602 2062 teste
618 2026 789 2063 Homero
816 2025 929 2062 Iliad.
949 2025 1017 2063 lib.
1036 2025 1102 2063 IV.
1118 2039 1157 2063 v.
1179 2026 1274 2068 251.
1293 2026 1494 2064 excitavit.

43 2080 163 2127 Quod
203 2087 333 2118 autem
368 2080 523 2131 inquit,
563 2079 632 2129 τὰς
671 2078 835 2129 §namq
860 2081 1125 2129 ἐξονειδίζων,
1166 2081 1495 2131 Agamemnonem

42 2149 184 2188 nempe
200 2137 409 2174 Idomeneo
430 2136 579 2186 minas,
610 2151 707 2188 quas
728 2143 842 2175 antea
862 2138 930 2175 ille
948 2143 1084 2175 contra
1106 2137 1296 2176 Troianos
1318 2138 1494 2175 intenta-

42 2198 167 2241 verat,
195 2192 467 2243 exprobrasse,
501 2193 550 2230 ad
571 2195 704 2232 eadem
719 2193 1016 2244 Agamemnonis
1038 2193 1157 2233 verba
1175 2193 1223 2232 ab
1246 2194 1416 2233 Homero
1438 2194 1495 2231 al-

42 2247 124 2286 lata
151 2248 325 2300 respicit.
353 2248 452 2286 Ibid.
475 2262 514 2287 v.
531 2250 626 2292 264.
654 2250 722 2287 ubi
739 2250 815 2288 ait:

128 2325 233 2371 Ἀλλ’
254 2327 368 2383 ὄρσευ
381 2327 623 2383 πολεμόνδ’,
654 2329 739 2380 οἷος
758 2328 887 2385 πάρος
913 2329 1023 2384 εὔχεο
1049 2328 1165 2373 εἶναι.

128 2399 210 2440 Sed
224 2415 442 2453 prorumpe
463 2402 523 2440 ad
542 2403 689 2441 bellum
709 2403 827 2452 talis»,
857 2403 997 2454 qualis
1016 2411 1134 2441 antea
1149 2401 1409 2454 gloriabaris,

157 2486 251 2526 131.
282 2487 507 2536 Παρελθεῖν
523 2516 534 2526 .
555 2515 566 2524 .
586 2515 597 2524 .
614 2515 624 2525 .
643 2485 714 2527 τόν
731 2486 842 2538 βίον]
888 2487 984 2535 Βίος
1002 2486 1069 2525 hic
1088 2500 1162 2538 pro
1181 2486 1295 2523 bonis
1321 2497 1388 2522 seu
1396 2483 1495 2533 for-

45 2541 160 2578 tunis·
187 2539 419 2590 adhibetur,
450 2555 530 2592 quo
549 2555 665 2580 sensu
685 2543 820 2594 plures
839 2542 980 2580 Graeci
1001 2549 1084 2581 tum
1099 2546 1256 2594 poetae,
1285 2547 1372 2577 tum
1402 2552 1496 2576 ora-

45 2602 151 2634 tores
179 2603 420 2648 usurparunt
432 2626 445 2647 ,
473 2598 571 2635 adeo
598 2605 646 2636 ut
661 2602 876 2652 παρελθεῖν
891 2596 959 2639 τὸν
978 2600 1068 2650 βίον
1086 2612 1112 2634 α
1130 2597 1242 2634 bonis
1260 2594 1421 2645 deficere
1438 2594 1497 2632 si-

46 2651 217 2701 gnificet.
280 2653 421 2691 Melius
449 2652 581 2704 itaque
611 2667 653 2692 se
684 2649 843 2704 gessisse
872 2654 1043 2692 affirmat
1066 2653 1341 2699 Idomeneum,
1384 2650 1454 2702 qui
1476 2663 1498 2688 e

48 2707 164 2745 Creta
180 2708 318 2759 pulsus
343 2709 488 2759 absque
509 2710 719 2748 certamine
737 2723 857 2761 regno
880 2710 1007 2757 cessit,
1026 2721 1075 2747 ne
1095 2707 1262 2759 patriam
1278 2719 1388 2744 suam
1407 2719 1495 2758 per-

49 2762 184 2812 deret,
215 2777 331 2814 quam
362 2765 569 2814 Saraceni,
596 2766 664 2817 qui
691 2767 933 2805 Graecorum
954 2764 1071 2803 armis
1095 2763 1324 2803 resistentes
1343 2761 1496 2815 patriae
