1748 3094
246 158 345 208 412
703 167 754 215 C.
778 168 829 212 Β.
857 167 1010 213 HASII
1034 169 1233 216 NOTAE

244 272 313 310 SS.
342 271 471 322 Cyrici
490 277 529 310 et
544 271 701 312 Julittae
717 273 916 324 martyrio,
945 276 1039 317 238.
1060 274 1103 313 B.
1123 270 1274 316 κελεύει
1295 270 1538 331 ἆρμενταρίῳ
1563 273 1679 331 ἄναρ-

242 331 436 378 τηθεῖσαν
464 325 590 381 αὐτήν
618 326 785 377 εὐτόνως
816 328 987 377 ξέεσθαι.
1038 330 1232 381 Emenda,
1260 330 1489 388 ἓρμηταρίῳ.
1516 334 1574 371 De
1602 347 1681 384 quo

243 383 437 422 vocabulo
458 398 547 422 cum
565 385 643 423 iam
662 391 843 423 accurate
863 385 1045 424 disseruit
1064 387 1286 439 Ducangius
1303 387 1476 429 Glossan
1492 389 1569 429 col.
1584 390 1681 433 436.

243 438 287 477 Β.
303 439 370 478 hic
385 453 467 478 non
486 447 544 479 est
562 442 667 492 quod
687 441 869 494 pluribus
889 455 1058 492 agamus.
1535 467 1540 470 -

353 550 455 590 Ibid.
483 553 555 591 lin.
584 552 624 595 5.
654 548 911 606 παραβόλως]
941 553 1071 600 Verti,
1089 552 1394 605 audacissime,
1421 561 1469 594 ut
1486 555 1682 596 variarem

242 605 441 658 phrasim:
480 609 698 647 accuratius
724 610 883 654 fuisset,
924 609 1147 661 desperate.-
1186 624 1265 661 quo
1302 625 1418 650 sensu
1444 609 1682 665 παραβόλως

241 663 347 714 apud
365 663 519 715 Ioseph.
546 665 737 716 Antiquit.
759 668 853 708 208.
876 666 916 703 C.
938 669 1069 714 καλῶς
1089 662 1324 716 ἄποθανεῐν,
1354 667 1423 708 καὶ
1444 664 1682 720 παραβόλως

237 719 559 760 διακινδυνεῦσαι
597 725 679 768 τοῖς
706 721 917 771 πολεμίοις.
960 721 1057 759 Item
1084 723 1187 774 apud
1214 723 1414 764 Plutarch.
1439 723 1680 775 Philopo'em.

219 796 221 798 -
238 775 332 816 358.
354 775 393 811 C.
408 776 544 814 Crasso
565 777 657 818 560.
678 777 722 813 D.
737 776 855 828 Apud
875 777 1039 815 eundem
1056 791 1138 816 non
1154 778 1360 827 invidiose,
1380 780 1449 818 sed
1465 793 1553 818 cum
1564 779 1681 817 laude

200 825 394 868 Ddietum
406 861 416 879 ‚
445 832 496 871 M.
528 831 670 869 Anton.
691 836 787 875 926.
811 833 857 871 Β.
876 836 1095 885 πρακτικῶς
1115 834 1182 874 καὶ
1203 830 1450 886 παραβόλως.
1505 835 1680 874 Plerum-

238 899 315 936 que
334 892 464 924 tamen
487 887 624 925 melius
646 894 772 926 vertas
795 889 967 934 incaute,
996 896 1144 928 temere.
1199 890 1352 942 Ioseph.
1372 891 1564 941 Antiquit.
1584 891 1678 935 675.

236 941 285 979 D.
310 940 531 992 πεφυκότες
551 940 653 983 εἶναι
669 940 902 996 παραβόλως
916 949 1091 998 θρασεῖς.
1128 946 1185 984 De
1198 946 1302 984 bello
1323 945 1412 986 Iud.
1435 949 1528 990 870.
1545 947 1588 985 F.
1605 962 1680 987 πα·

237 994 415 1048 ραβόλως
437 995 772 1051 προκινδυνεύειν.
818 1002 855 1038 S.
878 1000 1078 1052 Chrysost.
1103 1001 1213 1041 Orat.
1242 1002 1286 1039 in
1308 1002 1419 1053 epist.
1441 1004 1480 1040 S.
1499 1003 1611 1041 Pauli
1629 1002 1678 1040 Π.
1738 1022 1741 1025 ’

236 1053 303 1094 65.
324 1054 392 1095 35.
421 1053 445 1094 o‘
464 1052 697 1107 παραβόλως
716 1053 851 1096 ἑαυτὸν
868 1060 952 1103 τοῖς
971 1053 1176 1105 κινδύνοις
1198 1053 1390 1105 ἐκδιδούς.
1445 1057 1679 1097 Plutarchus

235 1107 411 1146 Aristide
439 1113 534 1153 319.
551 1111 594 1148 F.
613 1109 737 1151 πολλοὶ
758 1111 995 1163 κινουμένου
1020 1116 1094 1153 τοῦ
1115 1112 1419 1165 Θεμιστοκλέους
1433 1110 1677 1168 παραβόλως.

233 1163 332 1202 Item
363 1166 496 1216 Pomp.
522 1170 615 1209 627.
647 1167 686 1205 C.
710 1164 939 1220 παραβόλως
966 1167 1033 1209 καὶ
1054 1167 1357 1224 λῃστρικώτερον
1377 1165 1485 1224 αὐτῷ
1502 1183 1678 1224 προσφε-

172 1270 175 1273 ¹
234 1219 405 1271 ρομένου
432 1222 531 1260 Ibid.
566 1226 659 1265 629.
685 1223 727 1263 Β.
755 1221 964 1275 κατήπειξε
992 1222 1228 1278 παραβόλως
1251 1223 1326 1276 τὴν
1353 1221 1496 1277 μάχην.
1552 1227 1676 1264 Porro

233 1275 422 1315 Phocion.
453 1278 548 1319 744.
568 1278 613 1318 Β.
640 1278 760 1328 Agide
789 1285 829 1316 et
854 1279 1047 1319 Cleomen.
1066 1284 1159 1323 816.
1182 1281 1227 1320 Ε.
1246 1281 1300 1320 Μ.
1323 1280 1496 1320 Antonio
1517 1282 1611 1324 935.
1632 1281 1676 1322 E.

235 1331 360 1368 Galba
380 1334 498 1374 1053.
521 1333 565 1370 A.
620 1334 822 1372 Interdum
842 1336 1119 1385 exponendum
1146 1342 1223 1384 est,
1252 1351 1404 1373 summo
1424 1350 1513 1373 cum
1529 1336 1676 1373 discri-
1716 1379 1719 1381 ,

234 1389 351 1425 mine.
408 1388 604 1428 Plutarch.
638 1389 798 1430 Aristid.
828 1393 923 1432 323.
950 1392 991 1431 C.
1018 1387 1249 1443 παραβόλως
1272 1388 1339 1431 διὰ
1367 1394 1447 1431 τῶν
1476 1393 1675 1444 πολεμίων

233 1446 337 1483 νεῶν
369 1440 634 1492 διεκπλεύσας.
695 1446 843 1483 Catone
865 1446 956 1486 mai.
979 1447 1072 1488 343.
1094 1448 1139 1484 D.
1160 1442 1396 1494 πολυπόνως
1414 1446 1481 1487 καὶ
1497 1444 1675 1500 παραβό-

233 1502 323 1546 λως.
380 1499 486 1538 Idem
514 1500 654 1550 Pyrrh.
685 1503 780 1543 392.
806 1501 852 1541 A.
882 1502 1046 1539 Lucullo
1066 1502 1159 1545 499.
1180 1503 1222 1542 E.
1241 1498 1481 1550 ἄνελπίστως
1499 1503 1567 1543 καὶ
1596 1519 1674 1544 πα-

233 1551 414 1607 ραβόλως
439 1554 625 1607 ἐξεσώθη.
683 1558 821 1594 Crasso
853 1557 949 1599 554.
968 1558 1010 1595 Β.
1030 1553 1259 1610 παραβόλως
1277 1556 1380 1605 τινὲς
1397 1555 1674 1608 διεκπεσόντες.

231 1611 416 1662 Pompeio
447 1614 540 1654 638.
576 1613 621 1651 A.
650 1608 762 1664 μόλις
788 1611 855 1652 καὶ
871 1609 1112 1666 παραβόλως.
1171 1614 1317 1651 Catone
1338 1614 1489 1652 minore
1511 1615 1605 1657 784.
1625 1616 1671 1653 Δ.

231 1665 466 1718 παραβόλως
480 1664 758 1719 κρατήσαντος.
816 1668 936 1706 Arato
960 1672 1078 1712 1039.
1098 1670 1142 1707 D.
1163 1668 1227 1709 ἐπὶ
1248 1667 1292 1710 τὸ
1310 1673 1435 1721 τεῖχος
1454 1666 1578 1722 ἆνὲβη
1599 1686 1672 1710 πα-

229 1720 414 1775 ραβόλως.
457 1723 567 1761 Alios
591 1724 755 1761 aliorum
770 1724 879 1762 locos
900 1738 1039 1763 vereor
1055 1725 1122 1762 hic
1141 1725 1350 1764 ascribere:
1367 1726 1488 1776 ⁴quod
1505 1726 1590 1764 vim
1604 1740 1673 1765 vo-

231 1779 361 1816 cabuli
394 1793 476 1816 non
514 1780 632 1829 magis
659 1780 881 1829 illustrant,
919 1794 1035 1831 quam
1073 1781 1189 1819 unius
1216 1781 1417 1819 Plutarchi
1442 1788 1481 1819 et
1505 1781 1671 1834 Iosephi.

80 1840 119 1873 P.
145 1841 210 1876 196
231 1834 367 1885 Neque
393 1835 441 1873 de
467 1849 565 1874 voce
590 1837 819 1890 παραβολῇ,
849 1850 870 1873 a
891 1836 1089 1888 Stephano
1115 1843 1154 1875 et
1180 1836 1418 1875 Schneidero
1447 1838 1670 1888 generatim,

228 1890 276 1927 ab
302 1891 479 1928 Ernestio
511 1891 643 1929 Lexic.
670 1891 944 1942 technologico
977 1893 1070 1935 241.
1099 1892 1140 1933 A.
1160 1892 1371 1943 {rhetorum
1389 1906 1504 1931 sensu
1524 1894 1671 1945 optime

228 1947 418 1996 exposita,
451 1947 661 1998 quicquam
681 1947 835 1997 addam,
863 1954 1017 1998 praeter
1039 1948 1164 1997 illud,
1193 1949 1270 1987 loc.
1291 1948 1358 1986 ubi
1379 1950 1554 1987 occurrit
1575 1950 1670 1987 Dio-

227 2001 334 2051 nysii
352 2002 704 2041 Halicarnassensis
722 2004 814 2041 Arte
840 2003 1056 2053 rhetorica,
1086 2004 1134 2042 V.
1152 2007 1247 2046 389.
1267 2007 1305 2046 9.
1326 2004 1407 2042 levi
1426 2005 1670 2043 correctione

226 2057 355 2094 lucem
375 2057 505 2095 afferri
523 2072 648 2109 posse.
704 2059 771 2096 Ait
795 2059 897 2097 enim
915 2058 1074 2108 rhetor,
1102 2059 1146 2097 in
1166 2059 1399 2110 quibusdam
1412 2060 1542 2098 causis
1560 2060 1669 2098 iudi-

227 2112 390 2149 cialibus
424 2126 729 2163 supervacaneas
758 2128 840 2153 esse
864 2116 1130 2161 narrationes,
1160 2115 1317 2165 quando
1336 2115 1524 2162 nimirum
1551 2130 1667 2155 nemo

228 2174 287 2205 est
316 2167 385 2218 qui
414 2182 491 2218 quo
522 2176 637 2220 pacto
662 2184 725 2208 res
753 2177 858 2220 gesta
880 2171 932 2208 sit
951 2177 1020 2208 aut
1040 2169 1189 2208 nesciat
1214 2170 1344 2208 autin
1363 2171 1523 2209 dubium
1539 2179 1668 2211 vocet.

227 2223 457 2273 Subiungit:
490 2221 587 2264 Οἶον
617 2222 824 2275 ἀριστειῶν
854 2223 1067 2278 διηγήσεις,
1097 2229 1229 2278 γελοῖα
1253 2222 1528 2267 παντάπασιν·
1567 2226 1668 2279 ὄμο-

227 2281 436 2331 λογοῦνται
451 2277 524 2331 γάρ
550 2279 615 2319 καὶ
633 2280 676 2321 ἐκ
699 2283 930 2333 παραβολῆς
948 2278 1132 2333 αἰτήσεις.
1189 2282 1405 2320 Novissima
1420 2283 1478 2320 sic
1498 2289 1668 2322 vertun-

225 2341 294 2372 tur
309 2334 400 2372 edit.
420 2334 568 2373 Reisk.:
590 2338 631 2373 in
645 2339 821 2386 emises-so
843 2340 944 2375 enim
962 2344 1031 2386 est,
1051 2335 1161 2387 quod
1177 2351 1222 2374 ex
1243 2340 1548 2388 comparatione.
1589 2340 1667 2377 Sed

228 2390 586 2441 interpungendum
602 2398 692 2442 post
712 2390 798 2445 γαρ,
810 2400 849 2430 et
867 2393 1031 2432 verbum
1043 2391 1322 2445 ὁμολογοῦνται
1340 2407 1412 2444 per
1421 2407 1578 2445 zeugma
1596 2400 1667 2432 aut

226 2446 290 2496 fig.
313 2443 392 2486 οἷπό
410 2449 551 2486 κοινοῦ
564 2448 811 2485 referendum
831 2449 881 2487 ad
899 2445 1091 2500 ἀριστεῖα·
1121 2447 1402 2500 ὁμολογοῦνται
1417 2447 1505 2502 γάρ,
1531 2449 1597 2489 καὶ
1621 2449 1665 2489 ἐκ

225 2503 455 2554 παραβολῆς
489 2498 680 2553 αἰτήσεις·
723 2504 828 2553 quod
863 2505 991 2554 agitur
1022 2504 1070 2541 de
1099 2503 1381 2556 disceptatione
1408 2506 1511 2543 inter
1543 2504 1663 2543 duces

225 2557 346 2607 duos,
376 2558 456 2596 utri
482 2558 656 2610 praemia
682 2558 842 2596 virtutis
870 2559 1079 2598 tribuenda
1104 2560 1206 2597 sint:
1235 2573 1297 2598 res
1318 2561 1364 2598 ab
1384 2567 1547 2610 utroque
1566 2559 1664 2598 bene

224 2621 349 2663 gestas
366 2627 461 2663 esse,
472 2627 587 2652 nemo
608 2618 667 2651 est
685 2614 753 2664 qui
769 2614 940 2664 ignoret:
964 2621 1011 2652 ut
1030 2614 1179 2653 iudices
1196 2615 1271 2653 iam
1290 2629 1371 2653 non
1389 2616 1539 2653 discere
1555 2628 1663 2653 nunc

226 2669 383 2707 demum
394 2683 528 2707 eorum
546 2669 736 2718 facta,sed
748 2683 981 2721 componere
995 2670 1099 2708 inter
1111 2685 1150 2708 se
1166 2677 1284 2722 atque
1297 2671 1474 2709 conferre
1486 2670 1661 2710 debeant.

190 2725 491 2771 BQuamobrem
517 2725 869 2777 interpretandum:
899 2741 1017 2777 neque
1044 2728 1148 2763 enim
1176 2729 1218 2764 in
1243 2726 1413 2764 dubium
1428 2734 1662 2763 revocantur

226 2783 375 2828 [corum
413 2781 612 2834 praeclare
648 2782 787 2833 facta]‚
819 2779 889 2821 sed
915 2783 1209 2835 postulationes
1230 2797 1302 2834 per
1327 2784 1668 2834 comparationem
