1748 3094
409 182 470 227 IN
497 181 707 227 LEONIS
731 183 972 228 DIACONI
998 183 1100 227 Lm.
1128 185 1159 228 1.
1408 179 1511 228 403

56 282 227 329 ,λίπεν
238 283 316 340 τὴν
330 282 557 340 ζοῆνεριιᾶ
571 286 784 327 Eusebium
803 288 896 331 115.
914 285 961 330 Δ.
986 287 1087 327 Item
1102 285 1429 340 μεταλλάττεσθαι
1444 287 1513 332 τὼ

57 344 174 397 βίον,
185 343 450 396 per-medium,
459 342 650 396 Iosephus
664 344 810 383 Contra
823 345 967 396 Apion.
978 345 1100 388 1045.
1114 345 1158 386 D.
1188 345 1266 384 Sed
1282 346 1324 384 in
1335 347 1512 386 Concilio

66 399 268 452 Epheaino
290 400 468 442 [1306-
488 399 530 440 C.
556 400 675 438 solito
700 413 811 439 more
835 400 885 439 de
902 401 945 440 S.
968 400 1089 440 Paulo
1112 400 1286 451 dictum,
1315 398 1397 444 αἰτό
1421 401 1513 444 διό.

65 470 163 497 που
182 456 243 504 εἰς
262 453 419 509 κήρυκα
449 452 688 509 μετηλλᾶγη,
715 471 735 493 e
757 464 1007 507 persecutore
1021 458 1065 495 in
1080 456 1402 508 praedicatorem
1419 473 1512 497 mu-

66 519 181 550 tatus
199 519 271 551 eet.
326 511 454 550 Minus
476 512 678 550 eommode
691 512 823 550 versio
839 512 1024 563 vulgaris,
1039 521 1324 564 per-seaucton
1337 517 1382 553 in
1390 529 1513 567 prae-

65 566 284 606 dicatorem
309 569 499 607 mutavit.
554 567 815 620 Participium
843 565 1142 621 μετηλλαχότος,
1167 570 1214 608 in
1231 584 1308 623 qua
1326 584 1426 610 voce
1443 572 1510 610 in-

64 620 317 688 terpretanda
353 623 538 662 nonnulli
577 623 681 676 lapsi
718 630 833 672 suut,
878 638 992 677 saepe
1033 623 1244 675 defunctos
1277 627 1509 678 significare,

65 679 216 718 etiamsi
243 679 387 718 Iaexica
412 693 497 718 non
522 685 750 730 monerent,
779 686 978 719 constaret
1002 694 1055 720 ex
1081 682 1271 720 salmasio
1298 683 1355 722 De
1378 683 1512 723 usuris

175 788 279 830 Ιὸίιί.
324 791 397 832 lin.
437 791 478 834 3.
514 788 590 860 τὴν
635 787 950 859 αὗτοκρατορίαν
984 789 1135 831 διέπειν
1171 788 1322 846 ἆρχῆν]
1358 794 1503 842 Malim,
1513 797 1545 831 C

63 843 141 900 τήν
159 843 428 917 αὐτοκράτορα
444 843 590 915 ἆρχην,
617 847 705 897 vel,
734 862 811 900 την
834 843 1159 899 αὕτοκριττορίαν,
1187 848 1271 896 vel,
1300 846 1377 901 τήν
1394 866 1513 891 αυτο-

62 900 301 972 πρατοριιιῆν
317 899 459 968 ἆρχῆν.
514 899 783 971 Αὐτοκράτωρ
799 909 848 942 ut
863 903 1102 941 adiectivum
1116 902 1263 941 habet
1250 917 1335 956 ipse
1351 905 1427 944 Leo
1447 908 1512 948 18.

63 958 111 997 D.
107 961 203 1028 τῆς
228 954 519 1025 αυτοκρᾶτορος
545 955 667 1011 ἆρχῆς
683 959 795 998 Philo
817 959 870 997 De
895 959 1140 1028 plantatione
1158 959 1262 1008 Noe,
1295 964 1386 1003 176.
1413 961 1460 1001 G.
1481 960 1513 1014 ἦ

64 1010 320 1068 αὐτοκράτωρ
348 1014 559 1055 δυναστεία
585 1016 663 1053 Leo
695 1016 758 1058 14.
792 1015 835 1054 Δ.
898 1011 1197 1069 Αὖτοκρατορία
1224 1015 1513 1055 substantivum

63 1070 255 1123 Iosephus
281 1071 416 1122 Antiq.
445 1070 596 1110 Iud-ic.
626 1074 720 1113 679.
746 1071 791 1139 Ε.
824 1072 963 1110 Petrus
993 1071 1150 1109 Siculus
1180 1071 1354 1110 Historia
1379 1073 1514 1111 Mani-

0 1173 1 1176 *
65 1126 274 1165 chunorum
299 1131 339 1170 2.
372 1126 416 1166 Β.
446 1126 696 1165 Adiectivum
725 1124 1050 1179 αὖτοκρατοριιιός
1083 1127 1197 1165 Philo
1222 1128 1431 1179 Legatione
1460 1128 1514 1167 ad

65 1183 202 1221 Caium
228 1185 324 1225 786.
348 1182 394 1220 Ε.
427 1184 521 1225 802
552 1183 595 1222 F.
625 1183 802 1221 Clemens
827 1183 1116 1223 Alexandrinus
1140 1184 1325 1224 stromat.
1346 1187 1441 1227 363.
1462 1186 1511 1224 D.

0 1242 1 1255 ³
62 1239 158 1282 705.
186 1238 233 1279 D.
258 1239 298 1276 S.
321 1237 533 1288 Gregorius
552 1239 751 1290 Nyssenus
771 1239 818 1277 In
841 1238 1048 1277 Canticum
1070 1239 1265 1277 Canticor.
1293 1239 1323 1278 l.
1349 1243 1443 1283 618.
1466 1242 1512 1279 D.

65 1295 211 1332 Contra
230 1294 467 1332 Eunomium
486 1293 535 1331 11.
557 1295 627 1337 42.
651 1295 695 1334 D.
749 1295 796 1332 In
820 1294 968 1342 Christi
996 1295 1320 1333 resurrectionem
1346 1298 1440 1338 821.
1467 1297 1512 1336 C.

62 1348 252 1389 Emebim
274 1348 362 1386 Vita
385 1349 635 1386 Constantini
656 1352 750 1391 611.
776 1350 822 1387 Δ.
878 1350 1024 1387 Contra
1044 1350 1264 1387 Hieroclem
1290 1352 1384 1392 516.
1407 1351 1453 1391 Δ.
1470 1353 1511 1390 St

62 1405 229 1445 Basilius
244 1404 291 1442 In
306 1403 538 1442 Hexaemer.
555 1404 588 1443 1.
606 1408 671 1446 77.
688 1405 730 1442 C.
747 1405 902 1456 Regulis
917 1405 1042 1443 fusius
1060 1405 1267 1456 disputatis
1283 1406 1332 1445 11.
1351 1406 1498 1448 467AE

175 1459 281 1499 Ibid.
305 1460 377 1500 lin.
400 1464 441 1502 7.
465 1455 634 1511 εὐμενής
652 1475 693 1500 τε
718 1460 787 1500 καὶ
806 1458 971 1513 χρηστός
993 1458 1094 1511 πρός
1121 1458 1231 1501 ἅπαν
1250 1458 1295 1501 τὸ
1309 1458 1510 1514 ὑπήκοον]

64 1517 262 1556 Cedrenm
280 1515 492 1567 Compend.
515 1515 662 1554 Histor.
686 1516 734 1554 11.
756 1518 849 1560 645.
880 1518 922 1555 C.
943 1514 987 1558 τὸ
1013 1512 1121 1569 ἦθος
1139 1513 1288 1569 ἥμερον
1315 1517 1415 1568 ἔχων
1441 1519 1511 1559 καὶ

62 1576 216 1630 πρᾷον,
245 1571 314 1612 καὶ
331 1570 376 1612 τὰ
390 1569 575 1624 φρόνημα
595 1571 772 1625 μέτριον,
798 1572 880 1611 hoc
898 1579 978 1622 est,
1006 1580 1042 1610 et
1057 1575 1261 1624 ingenium
1277 1572 1511 1624 modestum,

61 1643 164 1677 non,
189 1635 226 1666 et
244 1627 492 1665 medwcriter
510 1630 740 1677 animatus,
768 1635 815 1667 nt
830 1628 1006 1667 reddidit
1021 1629 1243 1680 Xylander:
1274 1630 1386 1667 cuius
1406 1644 1511 1668 sum
1573 1668 1577 1673 ,

61 1699 168 1724 mam
189 1684 396 1735 utriusque
420 1684 577 1734 linguae
597 1684 798 1736 peritiam,
828 1698 945 1736 quam
965 1698 1046 1722 non
1066 1684 1263 1722 immerito
1286 1685 1427 1723 tribuit
1444 1686 1545 1727 illio

62 1740 229 1780 Baetim
248 1740 305 1778 De
323 1739 438 1777 claris
461 1740 667 1792 interpret.
691 1741 842 1783 227.C
842 1770 866 1791 .,
893 1740 937 1778 in
956 1739 1031 1778 hae
1055 1741 1213 1792 quidem
1232 1741 1399 1779 Cedreni
1417 1755 1511 1780 ver-

63 1797 175 1836 sione
192 1795 264 1833 vix
283 1808 482 1846 agnoscas.

177 1850 278 1890 Ibid.
299 1852 371 1889 lin.
396 1853 461 1893 10.
490 1850 600 1898 Quae
622 1865 643 1888 a
663 1851 815 1889 verbis.-
843 1852 960 1888 Huic
981 1851 1221 1903 Imperatori
1240 1858 1332 1894 cett.
1350 1852 1393 1890 in
1416 1866 1510 1892 ver-

63 1909 175 1948 sione
191 1907 330 1945 Latina
355 1913 599 1958 sequuntur,
630 1921 652 1944 a
675 1907 904 1945 combefisio
928 1921 1116 1946 conversa
1136 1908 1322 1959 leguntur
1339 1908 1383 1946 in
1402 1909 1510 1960 Pagii

64 1964 222 2004 Criticis
241 1964 285 2001 in
298 1963 467 2000 Annales
482 1963 640 2000 Baronii
659 1963 729 2012 ΠΙ,
749 1963 843 2005 875.
890 1963 998 2010 Quae
1018 1977 1090 2001 nos
1109 1963 1178 2001 hic
1195 1964 1507 2004 retractavimus.

47 2042 54 2048 .
177 2023 273 2071 Pag.
300 2022 341 2061 7.
373 2019 445 2057 lin.
471 2019 510 2060 4.
538 2019 678 2069 τομίου
707 2015 1008 2071 θαλαμηπόλου]
1036 2019 1207 2058 Praeivit
1231 2019 1415 2072 Agathiaa
1441 2024 1509 2064 19.

61 2077 108 2117 B.
162 2076 263 2114 Vide
279 2075 328 2112 de
346 2074 423 2113 hoe
438 2074 543 2112 bello
562 2075 780 2112 Cedrenum
797 2075 847 2112 IL
872 2075 965 2117 640.
982 2076 1030 2115 D.

176 2130 279 2170 [bid.
307 2131 379 2169 lin.
411 2134 473 2172 10.
508 2126 747 2182 Νικηφόρον
774 2128 843 2170 niv
862 2130 1026 2182 Φωκᾶν]
1055 2131 1174 2170 Plura
1189 2131 1239 2170 de
1256 2131 1510 2183 expeditione

64 2188 219 2227 Cretica
243 2185 456 2238 Nicephori
475 2185 626 2224 Phocae
654 2187 914 2225 continuator
941 2186 1215 2239 Theophanis,
1249 2191 1345 2230 296.
1373 2187 1420 2230 B.
1450 2209 1509 2217 —

65 2245 160 2286 300.
186 2243 231 2283 D.
296 2243 359 2279 Ad
387 2242 588 2293 Gongylae
616 2243 904 2292 navigationem
935 2243 1099 2281 fortasse
1131 2243 1335 2282 referenda
1365 2243 1511 2281 notitia

65 2299 194 2351 ampla
211 2298 260 2336 de
277 2304 468 2349 apparatu
483 2298 616 2336 navali
634 2299 740 2349 apud
760 2299 960 2337 Constant.
977 2298 1270 2351 Porphyrogen.
1290 2299 1508 2338 caerimon.

65 2355 142 2392 aul.
155 2355 324 2417 ‘Byzanh
345 2353 393 2392 II.
413 2355 509 2395 383.
539 2354 580 2391 C.
602 2354 670 2391 sed
687 2354 779 2392 vide
805 2361 844 2393 et
862 2368 964 2405 quae
986 2355 1036 2393 de
1057 2355 1325 2406 Gongylianae
1343 2354 1510 2405 expedi-

64 2410 187 2448 tionis
214 2416 389 2460 tempore
417 2415 530 2446 acute
554 2410 730 2461 disputat
757 2424 934 2448 summus
960 2410 1237 2461 chronologiae
1264 2409 1507 2461 Byzantinae

65 2466 212 2505 arbiter
231 2464 749 2517 Ph.Krug,Cl1ronol0gie
766 2465 837 2503 der
855 2469 1075 2507 Byzantia
1090 2471 1187 2510 292.
1206 2467 1251 2504 B.
1275 2472 1315 2503 et
1335 2477 1434 2515 quae
1455 2463 1506 2501 de

65 2522 236 2560 Candiae
252 2520 325 2558 snb
350 2521 522 2558 Romano
541 2523 829 2572 expugnatione
850 2525 945 2564 306,
964 2523 1006 2561 C.
1027 2523 1124 2561 Inde
1144 2521 1358 2574 probatur,
1386 2518 1509 2556 Nice-

64 2577 236 2629 phorum
251 2576 449 2628 appulisse
465 2576 515 2614 ad
533 2577 686 2615 Cretam
705 2592 742 2616 a.
766 2578 857 2616 Chr.
879 2582 961 2621 960
982 2580 1141 2629 (contra
1159 2577 1314 2615 contin.
1331 2572 1507 2624 Theoph.

52 2637 160 2675 297.
180 2634 223 2673 C.
240 2634 291 2671 ad
309 2647 344 2670 a.
363 2635 446 2674 962
464 2632 506 2669 id
522 2633 793 2683 referentem),
824 2634 1012 2673 Candiam
1034 2634 1182 2685 cepisse
1202 2644 1305 2668 anno
1327 2629 1508 2679 sequenti

51 2691 142 2730 ,961
156 2718 167 2736 ,
204 2689 324 2726 fratre
365 2688 449 2725 eius
482 2687 612 2726 Leone
635 2689 785 2728 bellum
810 2690 971 2729 interim
999 2691 1185 2729 adversus
1210 2684 1508 2724 Chambdannm

67 2743 372 2783 administrante.

176 2798 278 2839 ibid.
298 2801 372 2841 lin.
398 2801 468 2842 21.
495 2794 641 2847 ταύτας
664 2800 731 2843 ἐστὶ
754 2799 829 2854 τήν
848 2797 971 2854 ἠϊόνα
988 2794 1305 2852 προσυφαπλῶν]
1336 2793 1506 2833 Verbum
