1768 3034
271 139 338 182 22
760 144 961 189 LEONIS
987 144 1226 188 DIACONI

72 259 103 287 A.
124 257 165 286 M.
185 254 272 290 6469
284 250 350 291 καὶ
381 247 636 307 ἔπεκρότησε,
674 253 740 294 καὶ
770 250 824 301 ὥς
858 252 909 295 τὰ
941 250 1132 308 κράτιστα
1160 249 1398 310 ὑποθεμένῳ
1434 247 1462 310 ᾗ
1492 252 1542 297 ἂν
1567 251 1703 309 ἧγοῒτο

118 301 184 333 Iud.
200 298 224 335 4
285 316 452 359 ἕπεσθαι
477 317 699 374 προθύμως
716 314 778 373 ἦν.
837 320 1011 374 ἐνέδραις
1034 315 1106 362 οὖν
1133 318 1320 376 διειλήφει
1347 320 1422 374 τὴν
1448 319 1564 374 ὁδὸν,
1602 322 1704 367 ἆπο-
1764 338 1768 381 ,¹

284 382 434 438 τόμους
450 385 522 434 τὰς
541 386 757 442 ἀκρωρείας
775 387 1125 441 προβαλλομένην,
1148 386 1392 444 κρημνώδεις
1409 405 1450 430 τε
1469 390 1535 432 καὶ
1554 404 1707 444 σηραγ-

284 450 421 508 γώδεις
444 451 497 501 ὥς
517 453 568 495 τὰ
584 454 726 505 πολλὰ,
766 453 838 503 τὰς
855 451 1051 509 ὖπωρείας
1070 455 1115 497 δὲ
1130 453 1415 511 βαραθρώδεις
1433 472 1474 497 τε
1495 457 1561 497 καὶ
1580 456 1707 512 ἀμφι·
1767 462 1768 486 ῑ

285 523 424 575 λαφεΐς
444 520 624 575 πρέμνων
650 536 691 562 τε
718 522 784 562 καὶ
810 524 1078 564 παντοδαπῶν
1098 522 1221 571 ἰδέαις
1239 526 1389 578 φυτῶν.
1445 521 1572 579 ταύτῃ
1591 532 1737 578 -προ-5

286 588 449 640 λοχίσας
474 584 495 628 ὅ
524 587 745 643 στρατηγὸς
772 592 979 642 καθῆστο,
1016 589 1089 643 τὴν
1119 594 1198 631 τῶν
1227 588 1449 645 βαρβάρων
1474 591 1708 646 προσμένων

286 652 484 706 ἔπήλυσιν.
549 652 570 695 ὃ
602 655 646 696 δὲ
672 657 900 708 Χαμβδᾶν,
937 659 994 713 τῷ
1023 673 1064 697 τε
1093 655 1239 710 πλήθει
1257 662 1338 699 τῶν
1365 657 1615 713 ἓφεπομένων
1640 658 1708 699 καὶ

286 726 375 768 ταῖς
402 718 573 775 φάλαγξι
593 720 907 777 σοβαρευόμενος
926 724 992 764 καὶ
1020 722 1310 779 γαυρούμενος,
1347 729 1397 780 τῇ
1416 741 1457 766 τε
1475 722 1708 780 τῶνλαφῦ-

254 799 283 834 Β
296 803 375 842 ρων
393 791 603 844 πλησμονῇ
622 790 687 830 καὶ
707 793 757 844 τῇ
775 793 856 831 τῶν
883 789 1146 843 αῗχμαλῶτων
1168 791 1359 846 ἀπαγωγῇ
1386 790 1644 846 ἐπαιρόμενός
1665 808 1707 833 τε

290 855 356 894 καὶ
374 853 688 909 βρενθυόμενος,
711 856 861 905 πολλὰς
879 857 982 899 κατὰ
1002 856 1160 914 θάτερα
1179 858 1251 907 τᾶς
1270 856 1508 908 ε’πεξελάσεις
1526 859 1704 910 ἐποιεῖτο,
1719 871 1765 905 10

291 920 350 975 ἐφ’
371 922 495 962 ’ίππου
514 924 682 976 θηλείας
700 925 766 964 καὶ
792 924 962 978 μέγεθος
990 927 1055 965 καὶ
1076 923 1227 981 δρόμον
1243 923 1471 982 ὑπερφυοῦς
1492 924 1709 979 ἐποχούμε-

290 1003 380 1038 νος,
418 986 493 1041 καὶζ
512 993 583 1043 τῆς
600 994 791 1045 στρατιᾶς
818 1008 872 1045 πη
891 992 964 1044 μὲν
983 992 1165 1048 οὐραγῶν
1175 1024 1189 1044 ,
1226 993 1280 1046 πὴ
1301 993 1345 1035 δὲ
1370 991 1612 1048 προοδεύων,
1643 994 1712 1035 καὶ

290 1053 338 1095 τὸ
359 1052 457 1109 δόρυ
488 1057 623 1108 σείων,
661 1059 727 1098 καὶ
757 1064 844 1106 ταῖς
872 1057 1013 1115 αὔραις
1038 1061 1191 1112 μεθιεὶς
1199 1091 1213 1111 ,
1250 1058 1324 1102 εἶτ’
1357 1055 1479 1109 αὖθις
1504 1060 1711 1112 μεθέλκων

291 1120 392 1175 πρὸς
413 1119 555 1165 ἑαυτὸν
582 1122 903 1179 κραδαινόμενον.
968 1128 1048 1167 ἐπεὶ
1076 1127 1120 1168 δὲ
1136 1126 1208 1180 τὴν
1237 1125 1459 1180 ἱππήλατον
1482 1124 1576 1168 ὁδὸν
1605 1128 1710 1168 διελ-

288 1187 380 1229 θών
400 1195 487 1238 ταῖς
508 1191 746 1246 δυσχωρίαις
764 1193 1022 1247 προσέβαλλε,
1051 1194 1117 1234 καὶ
1136 1200 1219 1242 τοῖς
1238 1191 1499 1241 στενωτάτοις
1517 1194 1583 1240 καὶ
1604 1193 1709 1235 ἀνω-
1722 1190 1766 1241 15

287 1252 431 1307 μάλοις
451 1258 744 1311 συνειληθέντες
762 1263 841 1301 τῶν
859 1257 992 1301 τόπων
1012 1260 1051 1301 οἳ
1064 1258 1266 1315 βάρβαροι
1284 1260 1357 1313 τὴν
1375 1258 1563 1315 φάλαγγα
1581 1258 1711 1302 διελύ-

289 1336 436 1374 σαντο,
474 1325 539 1365 καὶ
570 1322 625 1373 ὥς
653 1342 707 1378 πη
737 1325 824 1367 ἐνὸν
851 1321 900 1379 ἦν
930 1325 1082 1381 ἑκάστῳ
1089 1357 1103 1377 ,
1140 1326 1244 1368 κατὰ
1283 1324 1499 1382 κρημνώδη
1533 1325 1707 1383 διῄεσαν,

287 1392 504 1441 τηνικαῦτα
536 1398 623 1439 ταῖς
654 1389 835 1446 σάλπιγξι
863 1392 907 1433 τὸ
940 1391 1118 1434 ἐνυάλιον
1145 1390 1408 1448 ὖποσημήνας
1438 1391 1459 1434 ὃ
1488 1394 1725 1449 στρατηγὸς

255 1456 358 1497 Οκαὶ
386 1459 467 1496 τῶν
495 1455 624 1510 λόχων
653 1456 924 1512 διαναστήσας
954 1459 1048 1508 τοὺς
1077 1459 1176 1516 ἄμφ’
1207 1458 1352 1514 αὑτὸν,
1388 1458 1599 1515 ὑπηντίαζε
1627 1468 1711 1511 τοῖς

288 1519 523 1577 βαρβάροις.
1519 1531 1521 1533 ’
1719 1542 1768 1578 m

390 1598 432 1642 ε’.
468 1602 554 1642 Καὶ
582 1599 725 1651 πάντες
752 1602 815 1644 ἐπὶ
835 1606 915 1646 τῶν
941 1606 1066 1660 ξιφῶν
1084 1601 1187 1658 εἶχον
1205 1605 1277 1654 τὰς
1297 1604 1448 1657 δεξιὰς,
1485 1605 1551 1646 καὶ
1580 1609 1712 1649 ταῦτα

289 1664 537 1720 σπασάμενοι
574 1668 870 1726 ἐπιστροφάδην
907 1669 1074 1713 ἔκτεινον
1109 1671 1156 1713 τὸ
1194 1671 1410 1714 ἀντίπαλον
1438 1671 1630 1726 κεκμηκὸς
1659 1676 1711 1728 τῇ

289 1731 521 1793 ὁδοιπορίᾳ,
558 1735 730 1789 ἀκμῆτες
748 1737 863 1779 αὐτοὶ
882 1736 1011 1794 τούτῳ
1042 1737 1283 1789 πελάζοντες.
1341 1741 1407 1787 καὶ
1436 1738 1510 1781 κᾶν
1539 1740 1605 1780 καὶ
1634 1739 1710 1780 αὖ-

291 1800 359 1850 τός
381 1799 402 1842 ὁ
421 1804 628 1855 Χαμβδᾶν
645 1802 731 1856 ἥλω
756 1807 900 1860 μικροῦ
919 1805 1019 1861 πρὸς
1044 1809 1124 1846 τῶν
1142 1803 1346 1858 Ῥωμαίων
1367 1803 1642 1860 δορυάλωτος·
1677 1807 1712 1847 εὶ

378 1918 414 1952 2.
437 1913 647 1962 προθύμως.
671 1919 730 1953 Sic
752 1918 828 1954 cod.
893 1920 949 1955 22.
972 1918 1196 1965 σπασάμενος
1221 1920 1296 1955 cod.
1359 1921 1418 1956 23.
1439 1917 1616 1965 ἄκμήταις
1634 1922 1711 1956 cod.

291 2016 435 2049 elamore
452 2016 634 2062 plausuque
655 2020 784 2052 sublato
803 2022 940 2064 paratus
956 2023 1031 2053 erat
1056 2032 1149 2061 eum,
1170 2023 1209 2053 ut
1233 2020 1359 2064 optima
1376 2020 1587 2061 suadentem,
1609 2021 1708 2065 sequi

293 2071 488 2105 quacunque
507 2062 655 2096 duceret.
686 2064 832 2098 Proinde
850 2064 982 2098 insidiis
997 2065 1064 2098 iter
1075 2065 1202 2109 cingit,
1225 2065 1313 2108 quod
1331 2076 1404 2098 cum
1423 2066 1592 2099 cacumina
1610 2077 1713 2110 prae-¹

292 2110 415 2148 rupta,
437 2106 542 2140 ardua
566 2113 602 2140 et
619 2119 801 2142 cavernosa
821 2120 901 2142 sane
921 2110 1163 2153 protendebat,
1186 2113 1255 2143 tum
1282 2110 1382 2142 dorsa
1399 2110 1556 2144 montium
1574 2110 1713 2154 voragi-

291 2160 394 2190 nosa,
418 2150 512 2183 silvis
528 2155 564 2185 et
581 2153 739 2196 cuiusque
763 2154 849 2187 modi
873 2154 1032 2197 stirpibus
1049 2160 1201 2198 opacata.
1246 2153 1299 2187 Ibi
1330 2153 1461 2187 insidiis
1490 2158 1566 2188 ante
1593 2155 1713 2199 positis

293 2200 430 2238 praetor
445 2197 661 2237 consederat,
685 2198 900 2232 barbarorum
924 2203 1124 2243 exspectans
1151 2199 1341 2232 adventum.
1394 2198 1610 2240 Chambdan,
1632 2200 1712 2233 sub-

293 2239 501 2282 sequentium
518 2242 728 2275 multitudine
746 2244 956 2288 catervisque
973 2244 1080 2277 fretus
1101 2247 1136 2276 et
1150 2243 1313 2283 insoIem,
1338 2254 1446 2288 neque
1473 2243 1580 2277 minue
1605 2244 1711 2278 elatus

292 2288 393 2327 atque
418 2286 581 2328 superbus
606 2287 648 2319 ob
686 2288 832 2330 praedae
855 2288 985 2332 copiam
1012 2300 1108 2332 quam
1135 2289 1177 2321 ob
1205 2288 1460 2321 abstractionem
1490 2288 1710 2333 captivorum,

292 2328 489 2372 frequenter
509 2335 649 2374 utroque
667 2333 903 2375 procuri-ebat,
928 2337 1042 2366 vectus
1063 2344 1150 2377 equa
1169 2337 1238 2365 tum
1253 2333 1481 2375 magnitudine
1506 2337 1575 2366 tum
1594 2333 1711 2377 perni-

291 2372 396 2406 citate
416 2374 591 2417 singulari,
613 2377 709 2410 modo
732 2377 887 2410 claudens
903 2378 998 2410 modo
1018 2378 1220 2411 antecedens
1241 2388 1371 2420 agmen,
1393 2378 1542 2412 lanceam
1559 2378 1711 2418 vibrans,

290 2428 333 2450 ac
349 2419 650 2463 nuanermittens
670 2421 776 2461 auris,
800 2433 886 2454 nunc
902 2433 1016 2455 rursus
1034 2422 1212 2466 crispatam
1234 2422 1278 2454 ad
1292 2433 1328 2455 se
1344 2422 1522 2466 recipiens.
1559 2422 1629 2455 Ubi
1649 2433 1711 2455 ve-

294 2473 332 2495 ro
352 2459 483 2496 emefflsa
497 2464 672 2508 equitabili
689 2465 746 2506 via
766 2466 808 2498 ad
827 2467 941 2499 fauces
955 2467 1302 2511 appropinquaverat,
1327 2467 1542 2510 angustisque
1561 2470 1596 2500 et
1613 2477 1711 2510 aspe—

295 2506 342 2539 ris
361 2508 443 2541 locis
465 2509 613 2542 conclusi
628 2510 765 2543 barbari
780 2511 852 2543 acie
870 2511 978 2544 soluta
999 2517 1035 2544 ut
1054 2511 1194 2555 quisque
1211 2515 1344 2554 poterat
1365 2523 1428 2555 per
1450 2510 1642 2555 crepidines
1658 2510 1712 2543 ni-

294 2552 468 2594 tebantur,
491 2557 559 2586 tum
575 2554 662 2595 dux,
686 2555 782 2598 signo
799 2554 888 2588 tubis
910 2556 1007 2595 dato,
1031 2555 1185 2589 excitatis
1202 2556 1292 2589 circa
1307 2567 1380 2589 sese
1394 2555 1544 2595 insidiis,
1580 2555 1711 2590 obviam

295 2606 331 2628 se
350 2598 504 2631 barbaris
527 2598 660 2632 obtulit.

381 2654 415 2688 5.
446 2654 500 2687 Ita
519 2654 654 2694 cuncti,
677 2653 808 2698 gladios
835 2654 1015 2688 destrictos
1042 2655 1078 2688 iu
1102 2666 1216 2689 manus
1242 2658 1428 2696 sumentes,
1452 2655 1565 2689 hostes
1589 2655 1715 2688 itinere

296 2694 499 2740 defatigatos
528 2703 666 2732 strenue
693 2699 906 2740 ceciderunt,
945 2712 1016 2733 cum
1050 2700 1114 2743 ipsi
1141 2701 1269 2743 integri
1297 2701 1340 2738 ad
1374 2700 1450 2733 illos
1485 2700 1712 2735 accessissent.

293 2738 414 2784 Neque
431 2744 563 2777 multum
583 2743 695 2778 abfuit
713 2743 794 2789 quin
815 2744 891 2789 ipse
910 2743 1104 2778 Chambdau
1127 2756 1147 2778 a
1172 2744 1330 2778 Romanis
1347 2744 1652 2788 capereturrnisi,
1675 2747 1715 2776 ut
