1722 3042
246 176 360 207 xv111
803 165 850 208 C.
876 166 924 209 B.
951 164 1106 209 HASII

246 281 323 313 tem
358 273 400 314 vi
433 273 582 312 furiosa
612 270 740 325 plebis
764 269 990 323 perturbari
1016 267 1321 322 haudquaquam
1337 280 1452 321 posse
1471 267 1688 311 admiratus

246 348 321 384 est.
375 341 483 384 Haec
504 353 543 378 se
565 338 855 377 adolescentulo
881 336 1069 375 accidisse
1087 335 1222 377 scribit
1238 337 1309 379 40.
1328 335 1373 375 B.
1417 335 1479 380 Ita
1496 335 1532 377 si
1548 335 1690 378 statui-

245 421 352 456 mus,
381 421 414 446 a.
436 410 530 450 966.
552 418 640 443 eum
661 404 782 454 egisse
798 417 945 441 annum
967 402 1125 443 circiter
1147 410 1304 444 sextum
1322 409 1363 442 et
1380 401 1597 452 decimum,
1624 414 1690 441 se—

244 475 390 526 quitur,
419 479 554 511 natum
577 484 658 510 esse
678 470 748 508 sub
767 484 800 507 a.
819 470 912 513 950.
932 469 1045 508 Circa
1065 483 1099 507 a.
1120 472 1215 514 973.
1235 483 1313 521 quo
1330 468 1476 509 Basilio
1495 474 1690 509 exaucto-

242 539 330 580 rato
358 540 551 579 Antonius
578 536 804 577 Patriarcha
832 543 987 575 creatus
1009 543 1085 587 est,
1113 537 1156 575 in
1184 537 1274 576 Asia
1294 536 1393 578 suit:
1419 534 1476 576 ibi
1494 541 1602 574 certe
1620 549 1704 587 gea,

244 608 381 647 melles
411 613 703 654 monstruosos,
732 604 887 656 imperii
918 604 1142 656 provincias
1165 604 1374 653 obeuntes,
1404 602 1543 643 crebro
1567 602 1691 643 sevi-
1704 593 1712 633 's

246 676 346 713 disse
366 674 488 712 tradit
508 677 598 716 102.
619 672 664 713 A.
719 672 813 710 Post
833 672 1034 722 aliquanto
1061 671 1104 709 in
1125 671 1332 722 collegium
1351 669 1601 710 sacerdotum
1619 683 1688 722 pa·

241 742 455 780 latinorum
493 740 653 789 ascitus,
690 752 724 776 a.
760 741 855 781 981.
890 752 979 776 cum
1007 737 1174 777 Basilius
1207 737 1306 790 Imp.
1332 751 1474 788 magno
1496 743 1689 789 apparatu

243 808 422 859 Bulgaris
449 807 597 845 bellum
622 807 807 855 inferret,
839 805 1050 856 castrisque
1078 806 1128 844 ad
1150 805 1384 858 Stoponium
1414 803 1554 856 positis
1573 804 1688 847 Tria-,-
1704 801 1715 843 's'

245 877 387 915 ditzam
416 877 662 927 oppugnaret
686 869 822 926 (Cedr.
846 872 895 910 11.
923 873 1016 914 695.
1050 869 1136 922 C.),
1166 860 1324 911 diaconi
1343 884 1503 914 munere
1522 872 1711 922 fungens,

245 949 402 982 secutus
444 940 672 980 comitatum
711 945 789 976 est:
826 938 1122 991 legionibusque
1158 945 1376 978 retrorsum
1409 938 1555 991 raptis,
1595 951 1709 986 cum:

245 1010 441 1049 exercitus
462 1006 695 1061 perterritus
713 1005 955 1045 interneciva
977 1006 1087 1044 clade
1106 1007 1150 1044 in
1169 1006 1309 1045 itinere
1328 1005 1550 1048 afficeretur
1562 1033 1575 1054 ‚
1603 1004 1689 1056 ipse
1708 1019 1711 1023 ’

244 1090 266 1116 e
304 1078 566 1127 Bulgarorum
595 1072 769 1123 undique
799 1073 1091 1124 provolantium
1122 1073 1302 1112 manibus
1330 1072 1448 1126 (107.
1471 1068 1557 1126 B.)
1575 1084 1688 1123 aegra

244 1131 378 1183 eva'sit.
433 1143 566 1190 Quare
601 1140 744 1192 opinor
769 1140 813 1177 in
850 1139 1048 1186 Historia,
1077 1140 1228 1190 quoties
1255 1139 1423 1178 Moesiae
1442 1138 1687 1186 mentionem

244 1211 340 1250 facit
369 1209 497 1262 (velut
517 1211 583 1252 38.
609 1206 667 1259 C.)
679 1237 689 1256 ,
718 1213 886 1244 tremere
904 1211 944 1243 et
963 1205 1209 1246 exalbescere
1224 1213 1412 1258 tanquam
1430 1205 1583 1244 obiecta
1599 1212 1710 1246 ter-2·

241 1277 350 1316 ribili
373 1289 418 1315 re
446 1276 625 1324 videtur,
654 1273 758 1312 nihil
786 1278 834 1311 ut
859 1272 932 1321 sit,
969 1272 1078 1323 quod
1109 1286 1229 1324 aeque
1249 1273 1286 1311 ei
1297 1271 1549 1312 formidinem
1578 1272 1707 1316 dicas'

242 1343 435 1381 iniecisse.
493 1342 618 1390 Quem
633 1347 770 1394 postea
789 1339 963 1377 tenuerit
977 1339 1084 1377 vitae
1105 1353 1263 1378 cursum
1279 1353 1405 1392 neque
1425 1338 1509 1391 ipse
1522 1339 1687 1390 indicat,
1702 1354 1705 1357 ’

244 1423 370 1461 neque
388 1409 456 1447 alii
472 1409 653 1447 tradunt:
681 1406 756 1445 nisi
774 1419 868 1445 vero
886 1405 922 1443 si
943 1405 1031 1456 quis
1054 1412 1130 1455 est,
1161 1408 1230 1458 qui
1250 1407 1384 1459 addita
1402 1407 1558 1448 demum
1583 1416 1691 1453 aeta*

244 1482 285 1514 te
301 1489 324 1513 a
342 1488 475 1517 rerum
498 1474 846 1513 ecclesiasticarum
866 1486 959 1511 cura
974 1486 1062 1511 eum
1081 1473 1290 1513 abduxisse
1305 1487 1389 1512 sese
1409 1482 1539 1527 putet,
1569 1483 1704 1529 atque

245 1542 289 1580 in
320 1555 534 1593 secessum,
562 1541 758 1581 Historiae
784 1540 1009 1579 condendae
1038 1554 1176 1590 causa,
1203 1553 1246 1578 se
1264 1535 1476 1592 recepisse.»
1527 1544 1692 1583 Constat

248 1615 364 1658 certe,
383 1623 465 1647 non
483 1609 606 1648 exisse
624 1608 879 1660 scriptionem
895 1612 985 1644 ante
1004 1620 1038 1646 a.
1059 1608 1153 1650 989.
1174 1621 1254 1658 quo
1264 1608 1572 1652 BardaaPhocas
1595 1625 1691 1651 con..

244 1682 305 1713 tra
335 1675 521 1714 Basilium
547 1676 647 1729 Imp.
670 1675 865 1714 rebellans
895 1687 1106 1726 oppressus
1131 1680 1210 1712 est:
1240 1675 1391 1728 quippe
1407 1677 1490 1717 eius
1505 1678 1690 1719 interitus

241 1743 409 1781 refertur
441 1745 532 1785 108.
554 1744 598 1783 Β.
650 1741 899 1794 Expugnatio
918 1739 1149 1790 Chersonis,
1178 1741 1227 1779 de
1245 1754 1332 1793 qua⁴
1345 1746 1439 1787 108.
1460 1745 1501 1783 C.
1521 1752 1560 1785 et
1580 1759 1688 1787 mors

240 1809 377 1847 Basilii
394 1810 584 1861 praesidis
606 1808 727 1864 (106.
744 1807 808 1863 D.)
832 1822 933 1847 anno
955 1814 1045 1846 ante
1063 1807 1304 1853 acciderunt.
1350 1809 1455 1848 Num
1475 1811 1687 1855 consilium

241 1876 363 1915 fuerit
379 1877 519 1927 Leoni,
547 1877 651 1915 ultra
672 1876 885 1915 Tzimiscae
909 1882 1076 1914 mortem
1095 1875 1288 1914 deducere
1307 1875 1535 1927 historiam,
1565 1878 1685 1917 dubi-

240 1943 319 1983 tari
341 1950 484 1996 petest.
537 1944 636 1982 Nam
665 1944 771 1995 quod
793 1941 931 1980 scribit
960 1945 1052 1983 109.
1072 1941 1117 1978 Β.
1138 1942 1259 1991 mala,
1286 1955 1361 1994 per
1376 1943 1531 1982 stellam
1551 1945 1685 1982 crini-

241 2017 323 2049 tam
349 2017 658 2062 praemonstrata
696 2007 818 2063 (quae
842 2013 978 2060 postea
1005 2007 1149 2046 Basilio
1174 2008 1390 2060 imperante
1417 2008 1683 2065 evenerunt),

241 2090 313 2116 suo
337 2077 507 2128 quidque
534 2077 670 2116 ordine
698 2077 746 2114 ab
771 2075 939 2114 historia
968 2074 1120 2112 dictum
1144 2075 1216 2126 iri,
1243 2075 1287 2114 id
1312 2077 1481 2122 fortasse
1510 2089 1593 2115 non
1624 2076 1699 2120 sic¹

242 2144 539 2195 intelligendum
559 2150 635 2194 est,
665 2143 777 2195 quasi
802 2142 885 2194 ipse
903 2141 977 2180 sibi
996 2154 1039 2179 ea
1057 2147 1263 2192 seponeret
1279 2143 1496 2193 narranda,
1524 2143 1594 2182 sed
1610 2157 1684 2196 ge—

242 2211 428 2260 neratim,
459 2211 544 2249 aliis
572 2225 614 2250 ea
633 2210 892 2262 scriptoribus
910 2208 1113 2246 materiam
1134 2209 1289 2248 dicendi
1307 2209 1545 2261 praebitura.
1696 2248 1700 2252 ,

332 2278 417 2324 ‚VL
444 2279 548 2329 Ergo
567 2278 645 2317 tria
660 2277 905 2330 potissimum
921 2275 1037 2324 bella,
1072 2274 1288 2324 Creticum,
1318 2275 1559 2327 Asiaticum,
1582 2276 1683 2323 Rus.
1697 2310 1705 2326 Ι,

241 2346 387 2395 sicum,
417 2345 669 2383 formidolosa
687 2351 804 2395 atque
829 2343 1026 2392 difficilia,
1055 2341 1262 2379 scribenda
1281 2341 1355 2380 sibi
1371 2344 1533 2394 sumsit,
1561 2343 1703 2395 affer-³

88 2417 130 2452 P.
151 2419 223 2453 vm
240 2425 364 2464 reque
386 2412 519 2449 lumen
549 2411 679 2451 voluit
705 2411 821 2448 rebus
847 2422 917 2447 sua
944 2414 1067 2446 aetate
1087 2408 1195 2456 (959
1213 2429 1268 2437 -
1285 2409 1403 2463 975.)
1422 2411 1550 2463 gestis.
1602 2412 1682 2451 Sed

239 2485 298 2516 est
320 2490 503 2528 magnum
520 2489 671 2515 munus
695 2476 882 2525 historia,
911 2481 950 2513 et
970 2488 1020 2516 ex
1038 2475 1145 2512 omni
1163 2476 1381 2528 scripturae
1399 2492 1538 2530 genere
1554 2492 1682 2532 prope

184 2592 189 2597 Ι
242 2544 371 2582 dicam
389 2543 676 2583 difficillimum.
719 2545 821 2581 Sunt
837 2542 1050 2593 unicuique
1066 2543 1222 2580 saeculo
1240 2557 1333 2582 suae
1348 2545 1553 2584 caecitates
1568 2559 1681 2586 men-

205 2621 209 2624 ·
239 2610 313 2647 tis:
341 2617 407 2661 ut,
435 2611 614 2662 quamvis
660 2616 812 2649 caetera
849 2609 1001 2648 ratione
1025 2615 1134 2647 recta
1166 2609 1336 2660 iudicet,
1373 2611 1417 2650 in
1443 2611 1681 2663 quibusdam

239 2679 371 2713 tamen
405 2677 549 2716 erroris
594 2683 711 2730 atque
755 2676 1002 2715 hebetudinis
1040 2676 1093 2714 sit
1120 2677 1472 2719 condemnandum.
1534 2677 1680 2722 Infini-

241 2746 324 2779 tam
356 2741 439 2781 vim
467 2743 614 2784 habent
653 2744 882 2796 religiones,
918 2742 1121 2794 instituta,
1159 2745 1369 2796 factiones,
1407 2751 1559 2784 sectaez
1595 2757 1694 2784 non.
