1760 3034
381 159 665 204 NOMINUM
691 159 772 203 ET
798 158 1129 205 VERBORUM.

42 260 240 296 Exercitum
257 261 288 295 si
303 262 408 296 habes
421 266 540 297 contra
554 264 744 296 Saracenos

90 319 125 342 v,
144 307 207 341 vel*
219 317 267 342 vt.
284 307 374 342 mille
394 308 564 351 equitum,
601 308 743 352 plurium

90 364 158 387 non
186 352 356 397 indigebis
383 355 475 394 230,
506 355 540 389 7.
578 359 745 398 potesque

90 398 165 432 fere
191 399 305 432 hostes
322 411 343 433 a
360 399 473 433 fronte
497 399 638 443 aggredi
662 400 743 440 238,

93 445 149 480 15.
171 443 235 477 sed
250 443 316 478 iam
338 445 508 479 exercitus
526 445 571 479 ad
586 445 651 478 tria
668 445 743 478 mil-

91 489 141 523 lia
173 500 311 523 numero
349 501 412 535 pro
446 502 568 534 magno
602 491 743 524 habetur

91 535 182 576 227,
206 537 263 570 22.
284 535 434 580 fuitque,
456 535 636 570 secundum
654 536 744 569 L‘eo-

93 591 168 615 nem
191 579 391 622 Diaconum,
416 581 491 626 plus
517 581 746 626 quadringen-

93 632 201 659 torum
221 625 360 660 millium
387 638 522 660 numero
542 627 577 660 in
604 626 746 671 expedi-

94 671 189 705 tione
221 671 330 705 altera
364 671 530 706 Tarsensi
557 671 747 715 Nicephori

93 716 229 750 Phocae
245 717 314 757 57,
335 718 370 751 2.
394 717 465 751 eius
489 717 571 751 ordo
599 717 746 750 admira-

92 761 170 796 bilis
186 762 222 795 in
238 763 365 806 praelio
384 762 428 795 ad
443 763 587 796 Tarsum
599 764 665 803 59,
689 762 745 798 14.

91 807 130 842 in
148 808 352 841 exercitibus
370 809 592 843 Romanorum
613 819 700 842 saec.
713 819 747 841 x.

94 858 194 887 erant
220 854 432 887 turmarchae
460 856 546 894 196,
577 855 634 889 22.
665 855 747 895 200,

95 900 152 934 12.
196 902 346 943 tempore
386 899 575 944 Nicephori
610 899 748 934 Phocae

97 944 187 988 195,
214 947 246 979 1.
268 948 303 978 et
326 944 476 979 tentoria
497 944 749 978 collocabantur

95 991 184 1032 210,
204 991 261 1025 25.
285 990 454 1025 exercitus
473 1002 494 1024 a
513 990 660 1024 Graecis
677 1002 749 1024 me-

97 1035 148 1069 dii
170 1036 249 1068 aevi
266 1034 461 1079 φωσσᾶτον
477 1035 590 1069 dictus
608 1037 691 1077 196,
716 1039 749 1072 1.

97 1081 268 1114 exercitus
286 1081 571 1126 Sphendosthlabi
591 1081 634 1115 ad
651 1093 751 1115 sexa-

98 1126 197 1173 ginta
211 1126 314 1160 millia
328 1127 495 1161 bominum
512 1127 599 1168 139,
622 1128 676 1161 16.
696 1126 752 1159 vi-

99 1178 198 1212 ctus,
222 1183 306 1216 pace
321 1172 434 1213 facta,
465 1184 486 1206 a
507 1172 652 1207 Graecis
671 1173 747 1206 fru-

99 1222 245 1251 mentum
264 1217 390 1263 accipit
408 1219 493 1258 156,
513 1219 546 1252 9.

42 1259 149 1306 ’Ἐξις
163 1262 346 1308 opponitur
362 1265 408 1308 τῇ
422 1263 643 1308 προχειρίσει
661 1262 753 1308 apud

99 1307 315 1352 philosophos
331 1307 419 1350 459,
441 1310 497 1344 30.

54 1357 75 1376 *¹
91 1352 259 1397 Ἐξολίζω
283 1365 458 1400 perperam
477 1366 540 1400 pro
557 1352 753 1398 ἕξολισθέω

102 1413 131 1433 s.
151 1398 388 1441 ἐξολισθαίνω
407 1401 491 1440 137,
514 1402 548 1436 3.

56 1445 244 1491 Expeditio
259 1446 447 1491 Nicephori
462 1445 598 1479 Phocae
620 1445 656 1479 in
670 1445 754 1479 Bul-

26 1513 34 1519 -
101 1502 203 1536 garos
227 1492 292 1530 62,
328 1494 380 1526 11.
412 1491 586 1536 expeditio
610 1490 755 1535 Syriaca

101 1536 238 1624 ἷὲιέἳηίε
263 1537 455 1625 'll'zimiscae
484 1538 569 1582 Imp.
603 1538 755 1578 16o‚·3.

195 1606 207 1622 2
228 1583 261 1616 2·

54 1626 321 1671 Ἐξπιλάτορες.
361 1627 445 1660 Vide
461 1624 756 1671 Ἐκσπηλᾶτορες.

54 1671 275 1718 Ἐξῶβιγλα,
298 1673 442 1718 vigiliae
464 1684 492 1705 s,
516 1674 679 1707 stationes
700 1684 758 1705 ex-

106 1720 258 1755 terioresv
275 1719 364 1758 202,
394 1715 427 1752 4.
457 1719 546 1759 225,
571 1720 623 1753 10.
676 1718 760 1750 ride

106 1762 424 1845 wqfegssffuffae
438 1769 471 1798 et
483 1763 637 1807 Ducang.
654 1762 760 1796 Glos-

108 1821 176 1844 sar.
211 1835 220 1843 .
308 1836 317 1844 .
368 1832 377 1841 .

60 1852 250 1936 ,Eiidmv‘i‘
281 1859 317 1889 et
349 1851 538 1899 ἐρχόμενοι
568 1856 762 1899 permutata

131 1903 195 1942 90,
244 1902 275 1936 1-

64 1947 105 1981 S.
134 1945 326 1980 Ezechielis
351 1945 545 1980 vaticinium
573 1944 617 1979 de
644 1943 763 1978 Russis

113 1993 199 2033 150,
222 1992 277 2027 17.

67 2082 245 2117 Fabricius
268 2081 354 2116 male
373 2081 481 2115 vertit
506 2091 623 2114 vocem
647 2091 766 2123 παροι-

115 2127 233 2172 δρομὴ
255 2129 346 2168 513,
371 2127 425 2163 14.
450 2138 471 2161 a
498 2127 601 2161 saxio
628 2135 767 2160 accusa-

113 2178 171 2208 tur
198 2173 267 2214 XI,
291 2171 347 2208 24.
705 2214 714 2223 .

69 2219 191 2254 Fames
215 2219 330 2262 gravis
358 2229 421 2263 per
442 2216 622 2251 triennium
645 2215 682 2248 in
705 2225 768 2248 nn-

117 2265 213 2310 perio
234 2264 383 2298 Romano
411 2264 496 2304 103,
519 2265 553 2298 2.
589 2262 707 2304 [sames
732 2259 768 2293 in

116 2312 281 2353 Argorum
308 2308 447 2352 regione
479 2309 541 2341 sub
571 2307 768 2349 Nicephoro

116 2355 233 2389 Phoca
249 2355 337 2394 362,
359 2355 393 2390 3.
416 2354 452 2387 in
467 2353 609 2393 Cilicia,
634 2350 768 2390 Halebi‚

117 2401 279 2435 nan-anae
316 2404 351 2433 et
382 2399 537 2432 Edessae
571 2399 659 2438 380,
696 2396 769 2440 22]

128 2446 212 2479 Vide
233 2456 359 2490 quoquc
374 2444 501 2478 Inedia.

75 2490 209 2526 Favilla
227 2490 314 2535 pluit
336 2489 412 2534 Cpli
431 2491 475 2525 69
487 2515 498 2533 ,
520 2489 577 2524 23.

75 2537 179 2571 Fer-ia
196 2536 314 2580 quinta
330 2534 491 2577 maxima,
516 2535 561 2567 ad
585 2532 774 2567 memoriam

122 2581 258 2615 Coenae
285 2592 306 2614 a
325 2580 467 2614 Domino
495 2579 572 2613 Iesu
596 2579 775 2612 institutae

124 2625 212 2666 134,
233 2627 290 2661 22.

77 2671 215 2706 Festum
228 2670 451 2705 orthodoxiae
470 2669 555 2710 102,
579 2670 633 2705 18.

78 2717 206 2798 Ἑῖξᾶη
222 2722 259 2751 et
274 2717 378 2751 forma
394 2715 679 2762 Sphendosthlabi
696 2717 775 2758 156,

1393 148 1494 202 58⁷

798 260 958 296 Filiorum
982 262 1127 296 Romani
1147 261 1285 297 iunioris
1314 266 1351 297 et
1373 261 1503 298 Theo-³

843 308 976 386 Rhamis
1011 313 1189 352 susceptor
1220 320 1262 342 ex
1289 310 1495 355 baptismate

868 353 1059 398 *icephorus
1089 353 1223 388 Phocus
1257 355 1325 395 50,
1359 356 1392 389 2.
1425 355 1495 399 ipsi

841 397 1067 443 Imperatores
1083 399 1338 441 renunciati94‚
1351 402 1381 434 1.
1402 400 1495 444 [388.

843 443 913 488 24.]
932 443 1051 478 iisdem
1067 444 1220 489 virginea
1239 457 1282 479 ex
1298 446 1396 490 regia
1413 445 1494 479 stir-

844 500 889 534 pe
927 489 1146 533 Bulgaroruui
1179 491 1217 524 in
1250 490 1495 525 matrimonium

844 534 1030 568 collocatae
1060 537 1124 576 79,
1155 538 1209 572 18.
1253 537 1338 570 Vide
1367 548 1495 580 quoque

843 580 994 613 Basilius
1009 580 1053 614 11.
1068 581 1339 626 Bulgaroctonus
1353 587 1390 616 et
1402 582 1496 616 Con-

842 625 1009 659 stantinus
1025 626 1116 660 VIII.

798 670 984 705 Fischerus
999 672 1134 715 (Ioann.
1147 672 1270 716 Fred.)
1286 673 1393 706 minus
1408 683 1499 706 com-

845 717 942 750 mode
976 718 1082 751 vertit
1108 717 1309 752 locutionem
1336 717 1374 761 ἐξ
1406 716 1498 754 ἐπό-

845 773 941 796 πτου
957 760 1025 797 438
1036 787 1046 802 ,
1069 764 1128 797 21.

802 807 959 840 Floribus
996 809 1238 853 arboribusque
1269 809 1379 843 laetus
1413 820 1498 854 ager

848 852 1031 886 Tarsensis
1047 855 1112 895 58,
1137 855 1190 890 13.

801 898 931 932 Fontes
956 898 991 931 in
1013 898 1096 932 locis
1121 900 1251 944 asperis
1276 901 1320 934 ab
1347 899 1498 934 exerdtu

847 943 1038 988 occupandi
1058 946 1143 986 193,
1168 947 1222 981 17.

802 988 952 1030 Forma,
978 994 1109 1023 statura
1136 1002 1178 1024 ac
1208 990 1339 1036 species
1363 989 1511 1025 Ioannis'

849 1034 1041 1069 Tzimiscae
1060 1037 1126 1076 96,
1153 1038 1206 1071 16.

803 1079 955 1114 Fortuna
961 1081 1111 1114 secunda
1119 1081 1151 1114 in
1159 1081 1332 1116 adversam
1341 1082 1501 1123 vertitur,

850 1136 893 1158 ne
909 1125 1058 1159 homines
1069 1126 1203 1159 nimium
1212 1127 1370 1161 inflentur
1382 1129 1438 1168 80,
1447 1129 1501 1163 15.

805 1170 913 1204 Fossa
940 1171 1064 1214 duplex
1091 1171 1305 1206 Chandacem
1329 1173 1509 1207 civitatem>

850 1216 889 1249 in
909 1215 1016 1256 emta
1040 1216 1178 1260 cingens
1207 1220 1266 1258 11,
1291 1217 1345 1253 14.
1380 1221 1443 1260 16,
1465 1220 1502 1253 9.

852 1262 945 1295 fossa
970 1273 1079 1306 prope
1110 1262 1291 1306 singularis
1316 1263 1503 1304 Tarsi-51,

853 1308 908 1342 19.
932 1314 1078 1341 castrum
1098 1307 1284 1343 Clematum
1309 1309 1403 1343 fossa
1430 1319 1504 1342 mu-

851 1352 955 1385 nitum
972 1353 1061 1393 503,
1084 1355 1139 1387 11.

807 1397 971 1432 Fossam
981 1399 1204 1432 Romanorum
1215 1398 1386 1432 cuniculos
1398 1402 1506 1444 agunt

854 1448 974 1477 contra
1002 1443 1216 1478 Chandacem
1246 1444 1417 1478 civitatem
1444 1446 1504 1485 25,

856 1490 910 1524 19.
932 1494 969 1522 et
985 1494 1102 1523 contra
1118 1489 1357 1534 mopsuestiam
1371 1492 1428 1531 52.
1449 1491 1506 1525 15.

810 1534 1046 1579 Fragmentum
1072 1545 1131 1568 ms.
1158 1535 1200 1568 de
1228 1535 1354 1579 praelio
1373 1536 1416 1570 ad
1435 1535 1507 1580 ey-

856 1579 999 1614 lindrum
1024 1580 1113 1613 inter
1129 1581 1277 1614 Leonem
1298 1581 1444 1615 Phocam
1470 1585 1509 1614 et

858 1625 1109 1659 Chambdanum
1132 1626 1220 1667 418,
1245 1629 1278 1662 6.
1325 1628 1409 1661 Vide
1425 1639 1518 1672 quo-->

859 1682 922 1715 que
940 1670 1082 1704 Inuum
1106 1682 1333 1705 scan’roans.

815 1715 970 1750 Fratrem
995 1715 1138 1750 vinculis
1163 1717 1332 1751 amicitiae
1355 1718 1423 1751 sibi
1446 1717 1511 1751 ad-

860 1762 971 1840 {ungit
1008 1761 1205 1806 Calocyrem
1242 1763 1513 1808 Sphendosthla-

884 1818 923 1840 us
937 1809 1001 1848 78,
1027 1808 1059 1841 1.

816 1853 985 1886 Fremitus
1002 1858 1206 1894 caurorum,
1228 1856 1267 1887 ut
1283 1856 1336 1887 est
1355 1854 1446 1898 apud
1464 1854 1511 1888 T.

862 1898 1014 1937 Livium,
1044 1899 1209 1943 quomodo
1232 1898 1365 1933 dicatur
1380 1900 1516 1934 Graece

863 1944 951 1985 515,
977 1945 1031 1978 16.

818 1989 1034 2023 Frumentum
1061 1999 1166 2033 parvo
1189 1993 1310 2023 emtum
1327 1989 1398 2023 Leo
1421 1990 1515 2024 Pho-

865 2046 945 2075 cas,
975 2034 1160 2078 Nicephori
1188 2035 1269 2079 Imp.
1296 2036 1423 2076 frater,
1447 2047 1517 2069 ma·-

866 2091 933 2124 gno
949 2079 1067 2113 vendit
1075 2078 1131 2120 64,
1148 2082 1180 2115 6.
1201 2080 1293 2123 [item
1302 2081 1517 2126 Nicephorus

867 2125 1002 2159 Phocas
1013 2126 1092 2166 362,
1110 2125 1178 2168 13.]
1200 2126 1397 2160 frumentum
1414 2138 1516 2159 exer-

866 2171 950 2204 citui
959 2170 1139 2204 Russorum
1148 2170 1362 2205 distributum
1373 2173 1450 2212 156,
1463 2174 1515 2205 10.

824 2217 989 2252 Futurum
1006 2222 1041 2249 et
1062 2216 1209 2250 aon-istus
1230 2217 1369 2250 confusa
1395 2228 1414 2250 a
1430 2218 1517 2250 Leo-

869 2273 914 2296 ne
929 2261 1078 2295 Diacono
1096 2262 1162 2302 30,
1187 2263 1219 2297 8.
1243 2263 1310 2302 38,
1335 2263 1369 2297 7.
1394 2261 1460 2302 40,
1482 2260 1517 2295 4.

869 2308 935 2348 52,
972 2308 1002 2341 1.
1043 2306 1129 2347 104,
1161 2309 1194 2342 7.
1224 2307 1304 2340 item
1329 2307 1517 2340 infinitivus

869 2351 1521 2442 inrifiitissffiqiffissssfssfffliiifi‘itissi

898 2444 1065 2477 raesentis
1095 2442 1151 2475 vel
1190 2442 1309 2476 aoristi
1341 2447 1523 2487 usurpatus

911 2489 1060 2531 w,37.
1084 2486 1210 2529 6o‚4.

829 2581 866 2615 Γ
879 2590 1055 2625 perperam
1071 2579 1232 2612 mutatum
1253 2575 1286 2609 in
1304 2587 1326 2618 ρ
1344 2574 1410 2617 45,
1433 2577 1490 2611 21.

828 2625 865 2660 in
885 2625 1023 2659 Galatia
1045 2620 1275 2667 Claudiopolis
1301 2628 1414 2655 terrae
1432 2626 1523 2656 motu

875 2681 995 2704 eversa
1013 2671 1075 2708 68,
1098 2669 1131 2702 5.

830 2711 961 2751 Galeae
980 2715 1014 2747 in
1040 2713 1148 2747 classe
1173 2711 1309 2747 Ioannis
1333 2711 1526 2748 Tainia-:ae

875 2761 959 2806 Imp.
980 2760 1063 2798 129,
1088 2759 1142 2794 17.
