<?xml version="1.0" encoding="UTF-8"?>
<!DOCTYPE html PUBLIC "-//W3C//DTD XHTML 1.0 Transitional//EN"
    "http://www.w3.org/TR/xhtml1/DTD/xhtml1-transitional.dtd">
<html xmlns="http://www.w3.org/1999/xhtml" xml:lang="en" lang="en">
 <head>
  <title>
</title>
<meta http-equiv="Content-Type" content="text/html;charset=utf-8" />
  <meta name='ocr-system' content='tesseract 3.04.00' />
  <meta name='ocr-capabilities' content='ocr_page ocr_carea ocr_par ocr_line ocrx_word'/>
</head>
<body>
  <div class='ocr_page' id='page_1' title='image "./corpusscriptorum33niebuoft/corpusscriptorum33niebuoft_0238.png"; bbox 0 0 1768 3034; ppageno 0'>
   <div class='ocr_carea' id='block_1_1' title="bbox 327 119 1430 194">
    <p class='ocr_par' dir='ltr' id='par_1_1' title="bbox 327 119 1430 194">
     <span class='ocr_line' id='line_1_1' title="bbox 327 119 1430 194; baseline 0.005 -8"><span class='ocrx_word' id='word_1_1' title='bbox 327 140 422 188; x_wconf 82' lang='lat'><strong>194</strong></span> <span class='ocrx_word' id='word_1_2' title='bbox 669 147 749 191; x_wconf 89' lang='lat' dir='ltr'><strong>DE</strong></span> <span class='ocrx_word' id='word_1_3' title='bbox 777 147 1166 194; x_wconf 77' lang='lat' dir='ltr'><strong>VELITATIONE</strong></span> <span class='ocrx_word' id='word_1_4' title='bbox 1191 119 1430 192; x_wconf 69' lang='lat' dir='ltr'><strong>1315:ch</strong></span> 
     </span>
    </p>
   </div>
   <div class='ocr_carea' id='block_1_2' title="bbox 318 250 1742 512">
    <p class='ocr_par' dir='ltr' id='par_1_2' title="bbox 318 250 1742 512">
     <span class='ocr_line' id='line_1_2' title="bbox 322 250 1742 312; baseline 0.002 -18"><span class='ocrx_word' id='word_1_5' title='bbox 322 254 450 310; x_wconf 83' lang='grc' dir='ltr'><strong><em>ρι’σκῃ,</em></strong></span> <span class='ocrx_word' id='word_1_6' title='bbox 472 253 538 296; x_wconf 76' lang='grc' dir='ltr'><strong>καὶ</strong></span> <span class='ocrx_word' id='word_1_7' title='bbox 554 250 731 308; x_wconf 80' lang='grc' dir='ltr'><strong><em>μάλιστα</em></strong></span> <span class='ocrx_word' id='word_1_8' title='bbox 748 256 789 297; x_wconf 83' lang='grc' dir='ltr'><strong><em>ἐν</em></strong></span> <span class='ocrx_word' id='word_1_9' title='bbox 810 259 935 311; x_wconf 81' lang='grc' dir='ltr'><strong><em>καιρῷ</em></strong></span> <span class='ocrx_word' id='word_1_10' title='bbox 955 255 1119 311; x_wconf 83' lang='grc' dir='ltr'><strong><em>θέρους,</em></strong></span> <span class='ocrx_word' id='word_1_11' title='bbox 1140 254 1289 305; x_wconf 74' lang='grc' dir='ltr'><strong><em>ἀσκοὺς</em></strong></span> <span class='ocrx_word' id='word_1_12' title='bbox 1306 251 1519 311; x_wconf 81' lang='grc' dir='ltr'><strong><em>διορισᾶτω</em></strong></span> <span class='ocrx_word' id='word_1_13' title='bbox 1536 254 1578 298; x_wconf 81' lang='grc' dir='ltr'><strong><em>ἐν</em></strong></span> <span class='ocrx_word' id='word_1_14' title='bbox 1593 251 1742 312; x_wconf 74' lang='grc' dir='ltr'><strong><em>ἑκάστῃ</em></strong></span> 
     </span>
     <span class='ocr_line' id='line_1_3' title="bbox 321 319 1740 380; baseline 0.001 -18"><span class='ocrx_word' id='word_1_15' title='bbox 321 319 605 380; x_wconf 72' lang='grc' dir='ltr'><strong><em>ἑκατονταρχία</em></strong></span> <span class='ocrx_word' id='word_1_16' title='bbox 624 322 719 364; x_wconf 88' lang='grc' dir='ltr'><strong><em>δέκα</em></strong></span> <span class='ocrx_word' id='word_1_17' title='bbox 738 323 1009 378; x_wconf 82' lang='grc' dir='ltr'><strong><em>ἐπιφέρεσθαι,</em></strong></span> <span class='ocrx_word' id='word_1_18' title='bbox 1034 324 1099 363; x_wconf 82' lang='grc' dir='ltr'><strong>καὶ</strong></span> <span class='ocrx_word' id='word_1_19' title='bbox 1119 322 1167 363; x_wconf 69' lang='grc' dir='ltr'><strong>δι’</strong></span> <span class='ocrx_word' id='word_1_20' title='bbox 1190 321 1328 364; x_wconf 69' lang='grc' dir='ltr'><strong><em>αὐτῶν</em></strong></span> <span class='ocrx_word' id='word_1_21' title='bbox 1338 321 1386 364; x_wconf 78' lang='grc' dir='ltr'><strong><em>τὸ</em></strong></span> <span class='ocrx_word' id='word_1_22' title='bbox 1403 321 1513 378; x_wconf 69' lang='grc' dir='ltr'><strong><em>ὕδωρ</em></strong></span> <span class='ocrx_word' id='word_1_23' title='bbox 1526 323 1740 376; x_wconf 80' lang='grc' dir='ltr'><strong><em>ἐπικομίζε-</em></strong></span> 
     </span>
     <span class='ocr_line' id='line_1_4' title="bbox 322 387 1740 447; baseline 0.001 -17"><span class='ocrx_word' id='word_1_24' title='bbox 322 392 447 439; x_wconf 81' lang='grc' dir='ltr'><strong><em>σθαι,</em></strong></span> <span class='ocrx_word' id='word_1_25' title='bbox 482 390 548 429; x_wconf 84' lang='grc' dir='ltr'><strong>καὶ</strong></span> <span class='ocrx_word' id='word_1_26' title='bbox 578 390 618 430; x_wconf 85' lang='grc' dir='ltr'><strong><em>ἐν</em></strong></span> <span class='ocrx_word' id='word_1_27' title='bbox 647 388 733 446; x_wconf 74' lang='grc' dir='ltr'><strong>ὥρα</strong></span> <span class='ocrx_word' id='word_1_28' title='bbox 762 393 834 442; x_wconf 83' lang='grc' dir='ltr'><strong>τῆς</strong></span> <span class='ocrx_word' id='word_1_29' title='bbox 851 387 983 442; x_wconf 80' lang='grc' dir='ltr'><em>μάχης</em></span> <span class='ocrx_word' id='word_1_30' title='bbox 1003 391 1056 437; x_wconf 78' lang='grc' dir='ltr'><strong>εἷς</strong></span> <span class='ocrx_word' id='word_1_31' title='bbox 1075 387 1191 431; x_wconf 86' lang='grc' dir='ltr'><strong><em>πόσιν</em></strong></span> <span class='ocrx_word' id='word_1_32' title='bbox 1207 389 1273 430; x_wconf 86' lang='grc' dir='ltr'><strong>καὶ</strong></span> <span class='ocrx_word' id='word_1_33' title='bbox 1290 388 1503 443; x_wconf 76' lang='grc' dir='ltr'><strong><em>ἀναψυχὴν</em></strong></span> <span class='ocrx_word' id='word_1_34' title='bbox 1521 396 1604 438; x_wconf 80' lang='grc' dir='ltr'><strong><em>τοῖς</em></strong></span> <span class='ocrx_word' id='word_1_35' title='bbox 1623 391 1665 430; x_wconf 86' lang='grc' dir='ltr'><strong><em>ἐν</em></strong></span> <span class='ocrx_word' id='word_1_36' title='bbox 1682 393 1740 447; x_wconf 75' lang='grc' dir='ltr'><strong><em>τῷ</em></strong></span> 
     </span>
     <span class='ocr_line' id='line_1_5' title="bbox 318 455 1741 512; baseline 0.002 -17"><span class='ocrx_word' id='word_1_37' title='bbox 318 455 478 512; x_wconf 81' lang='grc' dir='ltr'><strong><em>πολέμῳ</em></strong></span> <span class='ocrx_word' id='word_1_38' title='bbox 497 455 791 509; x_wconf 78' lang='grc' dir='ltr'><strong><em>ἀγωνιζομένοις</em></strong></span> <span class='ocrx_word' id='word_1_39' title='bbox 809 456 1140 511; x_wconf 80' lang='grc' dir='ltr'><strong><em>ἐπιχορηγεῖσθαι.</em></strong></span> <span class='ocrx_word' id='word_1_40' title='bbox 1179 455 1281 497; x_wconf 75' lang='grc' dir='ltr'><strong><em>ἀλλὰ</em></strong></span> <span class='ocrx_word' id='word_1_41' title='bbox 1299 456 1386 511; x_wconf 79' lang='grc' dir='ltr'><strong><em>περὶ</em></strong></span> <span class='ocrx_word' id='word_1_42' title='bbox 1401 457 1474 509; x_wconf 76' lang='grc' dir='ltr'><strong><em>μὲν</em></strong></span> <span class='ocrx_word' id='word_1_43' title='bbox 1495 460 1577 498; x_wconf 82' lang='grc' dir='ltr'><strong>τῶν</strong></span> <span class='ocrx_word' id='word_1_44' title='bbox 1597 457 1639 498; x_wconf 80' lang='grc' dir='ltr'><strong><em>ἐν</em></strong></span> <span class='ocrx_word' id='word_1_45' title='bbox 1657 463 1741 505; x_wconf 81' lang='grc' dir='ltr'><strong><em>τοῖς</em></strong></span> 
     </span>
    </p>
   </div>
   <div class='ocr_carea' id='block_1_3' title="bbox 317 519 1768 579">
    <p class='ocr_par' dir='ltr' id='par_1_3' title="bbox 317 519 1768 579">
     <span class='ocr_line' id='line_1_6' title="bbox 317 519 1768 579; baseline 0.001 -17"><span class='ocrx_word' id='word_1_46' title='bbox 317 519 541 574; x_wconf 81' lang='grc' dir='ltr'><strong><em>στενῶμασι</em></strong></span> <span class='ocrx_word' id='word_1_47' title='bbox 567 520 792 575; x_wconf 73' lang='grc' dir='ltr'><strong><em>μελλόντων</em></strong></span> <span class='ocrx_word' id='word_1_48' title='bbox 818 522 918 576; x_wconf 82' lang='grc' dir='ltr'><strong><em>πρὸς</em></strong></span> <span class='ocrx_word' id='word_1_49' title='bbox 935 521 1107 575; x_wconf 89' lang='grc' dir='ltr'><strong><em>πόλεμον</em></strong></span> <span class='ocrx_word' id='word_1_50' title='bbox 1135 520 1422 578; x_wconf 73' lang='grc' dir='ltr'><strong><em>ἐξαρτύεσθαι,</em></strong></span> <span class='ocrx_word' id='word_1_51' title='bbox 1459 523 1602 571; x_wconf 79' lang='grc' dir='ltr'><strong><em>ἱκανῶς</em></strong></span> <span class='ocrx_word' id='word_1_52' title='bbox 1631 521 1768 579; x_wconf 76' lang='grc' dir='ltr'><strong><em>εἶρή-ε</em></strong></span> 
     </span>
    </p>
   </div>
   <div class='ocr_carea' id='block_1_4' title="bbox 107 586 1739 844">
    <p class='ocr_par' dir='ltr' id='par_1_4' title="bbox 107 586 1739 844">
     <span class='ocr_line' id='line_1_7' title="bbox 317 586 1739 642; baseline 0.001 -13"><span class='ocrx_word' id='word_1_53' title='bbox 317 592 424 629; x_wconf 83' lang='grc' dir='ltr'><strong><em>σθω.</em></strong></span> <span class='ocrx_word' id='word_1_54' title='bbox 471 590 504 629; x_wconf 86' lang='grc' dir='ltr'><strong>εἲ</strong></span> <span class='ocrx_word' id='word_1_55' title='bbox 529 589 572 629; x_wconf 75' lang='grc' dir='ltr'><strong>δὲ</strong></span> <span class='ocrx_word' id='word_1_56' title='bbox 605 590 671 630; x_wconf 84' lang='grc' dir='ltr'><strong>καὶ</strong></span> <span class='ocrx_word' id='word_1_57' title='bbox 701 586 992 641; x_wconf 87' lang='grc' dir='ltr'><strong><em>νυκτοπόλεμον</em></strong></span> <span class='ocrx_word' id='word_1_58' title='bbox 1027 586 1155 642; x_wconf 78' lang='grc' dir='ltr'><strong><em>δεήσει</em></strong></span> <span class='ocrx_word' id='word_1_59' title='bbox 1183 589 1225 630; x_wconf 77' lang='grc' dir='ltr'><strong><em>ἐν</em></strong></span> <span class='ocrx_word' id='word_1_60' title='bbox 1249 596 1338 638; x_wconf 80' lang='grc' dir='ltr'><strong><em>ταῖς</em></strong></span> <span class='ocrx_word' id='word_1_61' title='bbox 1355 587 1559 638; x_wconf 78' lang='grc' dir='ltr'><strong><em>τοιαύταις</em></strong></span> <span class='ocrx_word' id='word_1_62' title='bbox 1583 591 1739 642; x_wconf 81' lang='grc' dir='ltr'><strong><em>δυσχω-</em></strong></span> 
     </span>
     <span class='ocr_line' id='line_1_8' title="bbox 318 653 1739 712; baseline 0.004 -19"><span class='ocrx_word' id='word_1_63' title='bbox 318 655 421 709; x_wconf 79' lang='grc' dir='ltr'><strong><em>ρίαις</em></strong></span> <span class='ocrx_word' id='word_1_64' title='bbox 437 655 644 708; x_wconf 86' lang='grc' dir='ltr'><strong><em>γενέσθαι,</em></strong></span> <span class='ocrx_word' id='word_1_65' title='bbox 676 656 742 695; x_wconf 84' lang='grc' dir='ltr'><strong>καὶ</strong></span> <span class='ocrx_word' id='word_1_66' title='bbox 764 659 882 696; x_wconf 76' lang='grc' dir='ltr'><strong><em>τοῦτο</em></strong></span> <span class='ocrx_word' id='word_1_67' title='bbox 902 653 1005 696; x_wconf 78' lang='grc' dir='ltr'><strong><em>πάνυ</em></strong></span> <span class='ocrx_word' id='word_1_68' title='bbox 1027 655 1239 710; x_wconf 80' lang='grc' dir='ltr'><strong><em>ὠφέλιμον.</em></strong></span> <span class='ocrx_word' id='word_1_69' title='bbox 1277 655 1378 697; x_wconf 79' lang='grc' dir='ltr'><strong><em>ἀλλὰ</em></strong></span> <span class='ocrx_word' id='word_1_70' title='bbox 1396 657 1483 712; x_wconf 83' lang='grc' dir='ltr'><strong><em>περὶ</em></strong></span> <span class='ocrx_word' id='word_1_71' title='bbox 1495 656 1569 709; x_wconf 74' lang='grc' dir='ltr'><strong><em>μὲν</em></strong></span> <span class='ocrx_word' id='word_1_72' title='bbox 1587 654 1739 698; x_wconf 84' lang='grc' dir='ltr'><strong><em>τούτων</em></strong></span> 
     </span>
     <span class='ocr_line' id='line_1_9' title="bbox 316 719 1739 779; baseline 0.003 -19"><span class='ocrx_word' id='word_1_73' title='bbox 316 720 357 760; x_wconf 87' lang='grc' dir='ltr'><strong><em>ἐν</em></strong></span> <span class='ocrx_word' id='word_1_74' title='bbox 376 719 490 779; x_wconf 72' lang='grc' dir='ltr'><strong><em>ἑτέρᾳ</em></strong></span> <span class='ocrx_word' id='word_1_75' title='bbox 508 719 682 776; x_wconf 77' lang='grc' dir='ltr'><strong><em>διηγήσει</em></strong></span> <span class='ocrx_word' id='word_1_76' title='bbox 702 719 882 774; x_wconf 80' lang='grc' dir='ltr'><strong><em>δηλώσω.</em></strong></span> <span class='ocrx_word' id='word_1_77' title='bbox 931 725 1003 774; x_wconf 82' lang='grc' dir='ltr'><strong>τῆς</strong></span> <span class='ocrx_word' id='word_1_78' title='bbox 1022 722 1067 762; x_wconf 84' lang='grc' dir='ltr'><strong><em>δέ</em></strong></span> <span class='ocrx_word' id='word_1_79' title='bbox 1084 723 1350 777; x_wconf 84' lang='grc' dir='ltr'><strong><em>παραδρομῆς</em></strong></span> <span class='ocrx_word' id='word_1_80' title='bbox 1371 722 1542 779; x_wconf 72' lang='grc' dir='ltr'><strong><em>ἄρξομαι</em></strong></span> <span class='ocrx_word' id='word_1_81' title='bbox 1562 722 1636 776; x_wconf 86' lang='grc' dir='ltr'><strong>τὴν</strong></span> <span class='ocrx_word' id='word_1_82' title='bbox 1657 724 1739 764; x_wconf 78' lang='grc' dir='ltr'><strong><em>εἷσ-</em></strong></span> 
     </span>
     <span class='ocr_line' id='line_1_10' title="bbox 107 783 1738 844; baseline 0.004 -22"><span class='ocrx_word' id='word_1_83' title='bbox 107 791 173 823; x_wconf 84' lang='lat' dir='ltr'><strong>Fol.</strong></span> <span class='ocrx_word' id='word_1_84' title='bbox 191 791 258 827; x_wconf 85' lang='lat'><strong>378</strong></span> <span class='ocrx_word' id='word_1_85' title='bbox 278 783 478 840; x_wconf 84' lang='grc' dir='ltr'><strong><em>ι·.ήγησιν·</em></strong></span> <span class='ocrx_word' id='word_1_86' title='bbox 521 786 608 841; x_wconf 76' lang='grc' dir='ltr'><strong><em>ἥτις</em></strong></span> <span class='ocrx_word' id='word_1_87' title='bbox 639 788 842 844; x_wconf 83' lang='grc' dir='ltr'><strong><em>ἐπωφελὴς</em></strong></span> <span class='ocrx_word' id='word_1_88' title='bbox 876 788 940 828; x_wconf 79' lang='grc' dir='ltr'><strong>καὶ</strong></span> <span class='ocrx_word' id='word_1_89' title='bbox 970 787 1163 842; x_wconf 84' lang='grc' dir='ltr'><strong><em>ἀναγκαία</em></strong></span> <span class='ocrx_word' id='word_1_90' title='bbox 1200 787 1475 843; x_wconf 77' lang='grc' dir='ltr'><strong><em>τυγχάνουσα,</em></strong></span> <span class='ocrx_word' id='word_1_91' title='bbox 1513 788 1571 830; x_wconf 76' lang='grc' dir='ltr'><strong>δι’</strong></span> <span class='ocrx_word' id='word_1_92' title='bbox 1606 788 1738 843; x_wconf 79' lang='grc' dir='ltr'><strong><em>ὀλίγου</em></strong></span> 
     </span>
    </p>
   </div>
   <div class='ocr_carea' id='block_1_5' title="bbox 279 853 1768 909">
    <p class='ocr_par' dir='ltr' id='par_1_5' title="bbox 279 853 1768 909">
     <span class='ocr_line' id='line_1_11' title="bbox 279 853 1768 909; baseline 0.003 -17"><span class='ocrx_word' id='word_1_93' title='bbox 279 855 381 894; x_wconf 84' lang='grc' dir='ltr'><strong><em>Βκοιὶ</em></strong></span> <span class='ocrx_word' id='word_1_94' title='bbox 398 853 670 909; x_wconf 76' lang='grc' dir='ltr'><strong><em>εὐαριθμήτου</em></strong></span> <span class='ocrx_word' id='word_1_95' title='bbox 688 858 788 896; x_wconf 78' lang='grc' dir='ltr'><strong><em>λαοῦ</em></strong></span> <span class='ocrx_word' id='word_1_96' title='bbox 806 854 934 895; x_wconf 72' lang='grc' dir='ltr'><strong><em>πολλοὶ</em></strong></span> <span class='ocrx_word' id='word_1_97' title='bbox 953 858 1034 896; x_wconf 83' lang='grc' dir='ltr'><strong>τῶν</strong></span> <span class='ocrx_word' id='word_1_98' title='bbox 1054 854 1252 906; x_wconf 75' lang='grc' dir='ltr'><strong><em>πολεμίων</em></strong></span> <span class='ocrx_word' id='word_1_99' title='bbox 1270 853 1409 909; x_wconf 75' lang='grc' dir='ltr'><strong><em>πλήθη</em></strong></span> <span class='ocrx_word' id='word_1_100' title='bbox 1430 855 1642 909; x_wconf 78' lang='grc' dir='ltr'><strong><em>ἀπρακτεῖν</em></strong></span> <span class='ocrx_word' id='word_1_101' title='bbox 1658 872 1737 896; x_wconf 84' lang='grc' dir='ltr'><strong><em>πα·-</em></strong></span> <span class='ocrx_word' id='word_1_102' title='bbox 1750 866 1768 900; x_wconf 84' lang='grc'>1</span> 
     </span>
    </p>
   </div>
   <div class='ocr_carea' id='block_1_6' title="bbox 316 918 1636 976">
    <p class='ocr_par' dir='ltr' id='par_1_6' title="bbox 316 918 1636 976">
     <span class='ocr_line' id='line_1_12' title="bbox 316 918 1636 976; baseline 0.001 -14"><span class='ocrx_word' id='word_1_103' title='bbox 316 919 543 975; x_wconf 81' lang='grc' dir='ltr'><strong><em>ρασκευάζει</em></strong></span> <span class='ocrx_word' id='word_1_104' title='bbox 551 952 565 973; x_wconf 92' lang='grc'><strong><em>,</em></strong></span> <span class='ocrx_word' id='word_1_105' title='bbox 606 923 711 963; x_wconf 83' lang='grc' dir='ltr'><strong><em>Θεοῦ</em></strong></span> <span class='ocrx_word' id='word_1_106' title='bbox 743 922 786 963; x_wconf 76' lang='grc' dir='ltr'><strong>δὲ</strong></span> <span class='ocrx_word' id='word_1_107' title='bbox 803 919 927 963; x_wconf 83' lang='grc' dir='ltr'><strong><em>νεύσει</em></strong></span> <span class='ocrx_word' id='word_1_108' title='bbox 948 918 1002 969; x_wconf 79' lang='grc' dir='ltr'><strong><em>ὥς</em></strong></span> <span class='ocrx_word' id='word_1_109' title='bbox 1019 920 1070 962; x_wconf 85' lang='grc' dir='ltr'><strong>τοὶ</strong></span> <span class='ocrx_word' id='word_1_110' title='bbox 1088 920 1219 962; x_wconf 84' lang='grc' dir='ltr'><strong><em>πολλὰ</em></strong></span> <span class='ocrx_word' id='word_1_111' title='bbox 1239 923 1305 962; x_wconf 84' lang='grc' dir='ltr'><strong>καὶ</strong></span> <span class='ocrx_word' id='word_1_112' title='bbox 1322 923 1636 976; x_wconf 84' lang='grc' dir='ltr'><strong><em>καταγωνίζεται.</em></strong></span> 
     </span>
    </p>
   </div>
   <div class='ocr_carea' id='block_1_7' title="bbox 123 1024 1736 1344">
    <p class='ocr_par' dir='ltr' id='par_1_7' title="bbox 313 1024 1736 1074">
     <span class='ocr_line' id='line_1_13' title="bbox 313 1024 1736 1074; baseline 0.001 -13"><span class='ocrx_word' id='word_1_113' title='bbox 313 1027 426 1062; x_wconf 74' lang='grc' dir='ltr'><strong><em>ΚΕΦ.</em></strong></span> <span class='ocrx_word' id='word_1_114' title='bbox 448 1024 493 1065; x_wconf 84' lang='grc' dir='ltr'><strong>ς’.</strong></span> <span class='ocrx_word' id='word_1_115' title='bbox 536 1027 627 1073; x_wconf 71' lang='grc' dir='ltr'><strong><em>Περὶ</em></strong></span> <span class='ocrx_word' id='word_1_116' title='bbox 642 1028 877 1073; x_wconf 77' lang='grc' dir='ltr'><strong><em>παραδρομῆς</em></strong></span> <span class='ocrx_word' id='word_1_117' title='bbox 892 1028 966 1062; x_wconf 76' lang='grc' dir='ltr'><strong><em>τῶν</em></strong></span> <span class='ocrx_word' id='word_1_118' title='bbox 982 1025 1258 1072; x_wconf 77' lang='grc' dir='ltr'><strong><em>μονοκούρσων,</em></strong></span> <span class='ocrx_word' id='word_1_119' title='bbox 1287 1027 1350 1064; x_wconf 75' lang='grc' dir='ltr'><strong>καὶ</strong></span> <span class='ocrx_word' id='word_1_120' title='bbox 1371 1028 1575 1073; x_wconf 71' lang='grc' dir='ltr'><strong><em>στοχασμοῦ</em></strong></span> <span class='ocrx_word' id='word_1_121' title='bbox 1590 1028 1655 1074; x_wconf 75' lang='grc' dir='ltr'><strong><em>τῆς</em></strong></span> <span class='ocrx_word' id='word_1_122' title='bbox 1667 1027 1736 1063; x_wconf 78' lang='grc' dir='ltr'><strong>τοῦ</strong></span> 
     </span>
    </p>

    <p class='ocr_par' dir='ltr' id='par_1_8' title="bbox 123 1082 1735 1344">
     <span class='ocr_line' id='line_1_14' title="bbox 790 1082 1257 1129; baseline 0.002 -10"><span class='ocrx_word' id='word_1_123' title='bbox 790 1086 884 1119; x_wconf 79' lang='grc' dir='ltr'><strong><em>λαοῦ</em></strong></span> <span class='ocrx_word' id='word_1_124' title='bbox 901 1082 1025 1120; x_wconf 73' lang='grc' dir='ltr'><strong><em>αὐτῶν</em></strong></span> <span class='ocrx_word' id='word_1_125' title='bbox 1044 1082 1257 1129; x_wconf 75' lang='grc' dir='ltr'><strong><em>ποσότητος.</em></strong></span> 
     </span>
     <span class='ocr_line' id='line_1_15' title="bbox 123 1153 1735 1212; baseline 0.001 -16"><span class='ocrx_word' id='word_1_126' title='bbox 123 1173 306 1207; x_wconf 82' lang='lat' dir='ltr'><strong>Monocursa</strong></span> <span class='ocrx_word' id='word_1_127' title='bbox 413 1154 479 1196; x_wconf 75' lang='grc' dir='ltr'><strong>Τὰ</strong></span> <span class='ocrx_word' id='word_1_128' title='bbox 506 1159 587 1198; x_wconf 78' lang='grc' dir='ltr'><strong>τῶν</strong></span> <span class='ocrx_word' id='word_1_129' title='bbox 615 1156 812 1209; x_wconf 79' lang='grc' dir='ltr'><strong><em>πολεμίων</em></strong></span> <span class='ocrx_word' id='word_1_130' title='bbox 837 1161 990 1212; x_wconf 83' lang='grc' dir='ltr'><strong><em>κοῢρσα</em></strong></span> <span class='ocrx_word' id='word_1_131' title='bbox 1006 1156 1058 1198; x_wconf 82' lang='grc' dir='ltr'><strong><em>τὰ</em></strong></span> <span class='ocrx_word' id='word_1_132' title='bbox 1083 1154 1272 1211; x_wconf 86' lang='grc' dir='ltr'><strong><em>λεγόμενα</em></strong></span> <span class='ocrx_word' id='word_1_133' title='bbox 1290 1153 1545 1212; x_wconf 85' lang='grc' dir='ltr'><strong><em>μονόκουρσα</em></strong></span> <span class='ocrx_word' id='word_1_134' title='bbox 1563 1153 1642 1197; x_wconf 78' lang='grc' dir='ltr'><strong><em>ἀπὸ</em></strong></span> <span class='ocrx_word' id='word_1_135' title='bbox 1662 1159 1735 1210; x_wconf 85' lang='grc' dir='ltr'><strong>τῆς</strong></span> 
     </span>
     <span class='ocr_line' id='line_1_16' title="bbox 186 1220 1733 1278; baseline 0.002 -18"><span class='ocrx_word' id='word_1_136' title='bbox 186 1221 269 1260; x_wconf 66' lang='lat' dir='ltr'><strong>quid·</strong></span> <span class='ocrx_word' id='word_1_137' title='bbox 314 1220 417 1270; x_wconf 73' lang='grc' dir='ltr'><strong><em>ἰδίας</em></strong></span> <span class='ocrx_word' id='word_1_138' title='bbox 437 1220 575 1278; x_wconf 81' lang='grc' dir='ltr'><strong><em>χώρας</em></strong></span> <span class='ocrx_word' id='word_1_139' title='bbox 603 1220 856 1278; x_wconf 80' lang='grc' dir='ltr'><strong><em>ἐξερχόμενα,</em></strong></span> <span class='ocrx_word' id='word_1_140' title='bbox 894 1225 1017 1274; x_wconf 83' lang='grc' dir='ltr'><strong><em>πεζῶν</em></strong></span> <span class='ocrx_word' id='word_1_141' title='bbox 1045 1222 1151 1274; x_wconf 72' lang='grc' dir='ltr'><strong><em>ἄνευ,</em></strong></span> <span class='ocrx_word' id='word_1_142' title='bbox 1188 1222 1286 1272; x_wconf 67' lang='grc' dir='ltr'><strong><em>ἔθος</em></strong></span> <span class='ocrx_word' id='word_1_143' title='bbox 1312 1223 1448 1272; x_wconf 73' lang='grc' dir='ltr'><strong><em>αὐτοῖς</em></strong></span> <span class='ocrx_word' id='word_1_144' title='bbox 1479 1225 1634 1278; x_wconf 85' lang='grc' dir='ltr'><strong><em>σπουδῇ</em></strong></span> <span class='ocrx_word' id='word_1_145' title='bbox 1661 1222 1733 1276; x_wconf 88' lang='grc' dir='ltr'><strong>τὴν</strong></span> 
     </span>
     <span class='ocr_line' id='line_1_17' title="bbox 276 1287 1733 1344; baseline 0.001 -15"><span class='ocrx_word' id='word_1_146' title='bbox 276 1289 474 1342; x_wconf 80' lang='grc' dir='ltr'><strong><em>Οπορειάν</em></strong></span> <span class='ocrx_word' id='word_1_147' title='bbox 506 1293 734 1340; x_wconf 82' lang='grc' dir='ltr'><strong><em>ποιεῖσθαι,</em></strong></span> <span class='ocrx_word' id='word_1_148' title='bbox 771 1291 837 1330; x_wconf 82' lang='grc' dir='ltr'><strong>καὶ</strong></span> <span class='ocrx_word' id='word_1_149' title='bbox 867 1292 1058 1344; x_wconf 82' lang='grc' dir='ltr'><strong><em>μηδαμοῦ</em></strong></span> <span class='ocrx_word' id='word_1_150' title='bbox 1089 1288 1382 1343; x_wconf 84' lang='grc' dir='ltr'><strong><em>ἆπληκεύοντας</em></strong></span> <span class='ocrx_word' id='word_1_151' title='bbox 1400 1290 1472 1344; x_wconf 85' lang='grc' dir='ltr'><strong>τὴν</strong></span> <span class='ocrx_word' id='word_1_152' title='bbox 1496 1289 1592 1343; x_wconf 82' lang='grc' dir='ltr'><strong><em>ὅλην</em></strong></span> <span class='ocrx_word' id='word_1_153' title='bbox 1610 1287 1733 1330; x_wconf 85' lang='grc' dir='ltr'><strong><em>νύκτα</em></strong></span> 
     </span>
    </p>
   </div>
   <div class='ocr_carea' id='block_1_8' title="bbox 312 1353 1768 1412">
    <p class='ocr_par' dir='ltr' id='par_1_9' title="bbox 312 1353 1768 1412">
     <span class='ocr_line' id='line_1_18' title="bbox 312 1353 1768 1412; baseline 0.002 -17"><span class='ocrx_word' id='word_1_154' title='bbox 312 1353 575 1408; x_wconf 79' lang='grc' dir='ltr'><strong><em>διαβιβάζειν·</em></strong></span> <span class='ocrx_word' id='word_1_155' title='bbox 611 1355 714 1397; x_wconf 72' lang='grc' dir='ltr'><strong><em>ἀλλὰ</em></strong></span> <span class='ocrx_word' id='word_1_156' title='bbox 741 1356 841 1411; x_wconf 86' lang='grc' dir='ltr'><strong><em>πρὸς</em></strong></span> <span class='ocrx_word' id='word_1_157' title='bbox 866 1357 1008 1412; x_wconf 87' lang='grc' dir='ltr'><strong><em>μικρὸν</em></strong></span> <span class='ocrx_word' id='word_1_158' title='bbox 1035 1356 1131 1404; x_wconf 76' lang='grc' dir='ltr'><strong><em>τοὺς</em></strong></span> <span class='ocrx_word' id='word_1_159' title='bbox 1152 1358 1299 1405; x_wconf 73' lang='grc' dir='ltr'><strong><em>ἵππους</em></strong></span> <span class='ocrx_word' id='word_1_160' title='bbox 1319 1354 1595 1407; x_wconf 81' lang='grc' dir='ltr'><strong><em>διαναπαύειν,</em></strong></span> <span class='ocrx_word' id='word_1_161' title='bbox 1631 1355 1732 1411; x_wconf 80' lang='grc' dir='ltr'><strong><em>πρὸς</em></strong></span> <span class='ocrx_word' id='word_1_162' title='bbox 1743 1364 1768 1398; x_wconf 70' lang='lat'><strong>1:</strong></span> 
     </span>
    </p>
   </div>
   <div class='ocr_carea' id='block_1_9' title="bbox 309 1421 1730 1678">
    <p class='ocr_par' dir='ltr' id='par_1_10' title="bbox 309 1421 1730 1678">
     <span class='ocr_line' id='line_1_19' title="bbox 311 1421 1730 1477; baseline 0 -14"><span class='ocrx_word' id='word_1_163' title='bbox 311 1421 357 1463; x_wconf 84' lang='grc' dir='ltr'><strong><em>τὸ</em></strong></span> <span class='ocrx_word' id='word_1_164' title='bbox 392 1422 465 1471; x_wconf 80' lang='grc' dir='ltr'><strong>τὰς</strong></span> <span class='ocrx_word' id='word_1_165' title='bbox 492 1421 615 1477; x_wconf 82' lang='grc' dir='ltr'><strong><em>ταγᾶς</em></strong></span> <span class='ocrx_word' id='word_1_166' title='bbox 642 1424 709 1463; x_wconf 85' lang='grc' dir='ltr'><strong>καὶ</strong></span> <span class='ocrx_word' id='word_1_167' title='bbox 737 1421 862 1474; x_wconf 89' lang='grc' dir='ltr'><strong><em>μόνον</em></strong></span> <span class='ocrx_word' id='word_1_168' title='bbox 891 1421 1047 1471; x_wconf 78' lang='grc' dir='ltr'><strong><em>τούτοις</em></strong></span> <span class='ocrx_word' id='word_1_169' title='bbox 1075 1422 1306 1465; x_wconf 80' lang='grc' dir='ltr'><strong><em>ἀποδοῦναι.</em></strong></span> <span class='ocrx_word' id='word_1_170' title='bbox 1354 1421 1409 1472; x_wconf 81' lang='grc' dir='ltr'><strong><em>ὥς</em></strong></span> <span class='ocrx_word' id='word_1_171' title='bbox 1429 1424 1571 1464; x_wconf 84' lang='grc' dir='ltr'><strong><em>ἐπίπαν</em></strong></span> <span class='ocrx_word' id='word_1_172' title='bbox 1585 1422 1662 1477; x_wconf 82' lang='grc' dir='ltr'><strong>γὰρ</strong></span> <span class='ocrx_word' id='word_1_173' title='bbox 1679 1421 1730 1463; x_wconf 76' lang='grc' dir='ltr'><strong><em>τὰ</em></strong></span> 
     </span>
     <span class='ocr_line' id='line_1_20' title="bbox 309 1487 1729 1544; baseline 0.001 -15"><span class='ocrx_word' id='word_1_174' title='bbox 309 1487 563 1544; x_wconf 85' lang='grc' dir='ltr'><strong><em>μονόκουρσα</em></strong></span> <span class='ocrx_word' id='word_1_175' title='bbox 588 1488 682 1541; x_wconf 72' lang='grc' dir='ltr'><strong><em>μετ’</em></strong></span> <span class='ocrx_word' id='word_1_176' title='bbox 704 1488 909 1543; x_wconf 81' lang='grc' dir='ltr'><strong><em>ὄλιγοστοῦ</em></strong></span> <span class='ocrx_word' id='word_1_177' title='bbox 930 1491 996 1530; x_wconf 83' lang='grc' dir='ltr'><strong>καὶ</strong></span> <span class='ocrx_word' id='word_1_178' title='bbox 1013 1490 1193 1530; x_wconf 85' lang='grc' dir='ltr'><strong><em>ἐκλεκτοῦ</em></strong></span> <span class='ocrx_word' id='word_1_179' title='bbox 1211 1492 1312 1532; x_wconf 75' lang='grc' dir='ltr'><strong><em>λαοῦ</em></strong></span> <span class='ocrx_word' id='word_1_180' title='bbox 1333 1490 1406 1544; x_wconf 85' lang='grc' dir='ltr'><strong>τὴν</strong></span> <span class='ocrx_word' id='word_1_181' title='bbox 1432 1490 1622 1542; x_wconf 73' lang='grc' dir='ltr'><strong><em>ἐξέλευσιν</em></strong></span> <span class='ocrx_word' id='word_1_182' title='bbox 1639 1506 1729 1530; x_wconf 85' lang='grc' dir='ltr'><strong><em>ποι-</em></strong></span> 
     </span>
     <span class='ocr_line' id='line_1_21' title="bbox 311 1553 1728 1611; baseline 0 -15"><span class='ocrx_word' id='word_1_183' title='bbox 311 1559 460 1597; x_wconf 83' lang='grc' dir='ltr'><strong><em>οῦνται.</em></strong></span> <span class='ocrx_word' id='word_1_184' title='bbox 503 1553 716 1597; x_wconf 78' lang='grc' dir='ltr'><strong><em>σπεύδουσι</em></strong></span> <span class='ocrx_word' id='word_1_185' title='bbox 741 1557 784 1597; x_wconf 83' lang='grc' dir='ltr'><strong>δὲ</strong></span> <span class='ocrx_word' id='word_1_186' title='bbox 812 1554 981 1609; x_wconf 78' lang='grc' dir='ltr'><strong><em>τάχιστα</em></strong></span> <span class='ocrx_word' id='word_1_187' title='bbox 1014 1559 1274 1609; x_wconf 81' lang='grc' dir='ltr'><strong><em>καταλαβεῖν,</em></strong></span> <span class='ocrx_word' id='word_1_188' title='bbox 1310 1557 1352 1598; x_wconf 86' lang='grc' dir='ltr'><strong><em>ἐν</em></strong></span> <span class='ocrx_word' id='word_1_189' title='bbox 1382 1553 1442 1604; x_wconf 80' lang='grc' dir='ltr'><strong>οἷς</strong></span> <span class='ocrx_word' id='word_1_190' title='bbox 1463 1557 1626 1611; x_wconf 75' lang='grc' dir='ltr'><strong><em>χωρίοις</em></strong></span> <span class='ocrx_word' id='word_1_191' title='bbox 1655 1556 1728 1609; x_wconf 84' lang='grc' dir='ltr'><strong>τὴν</strong></span> 
     </span>
     <span class='ocr_line' id='line_1_22' title="bbox 310 1617 1727 1678; baseline 0 -16"><span class='ocrx_word' id='word_1_192' title='bbox 310 1622 489 1663; x_wconf 82' lang='grc' dir='ltr'><strong><em>ἐπίθεσιν</em></strong></span> <span class='ocrx_word' id='word_1_193' title='bbox 519 1624 586 1663; x_wconf 81' lang='grc' dir='ltr'><strong>καὶ</strong></span> <span class='ocrx_word' id='word_1_194' title='bbox 614 1622 811 1678; x_wconf 81' lang='grc' dir='ltr'><strong><em>ἐκδρομὴν</em></strong></span> <span class='ocrx_word' id='word_1_195' title='bbox 838 1620 1123 1676; x_wconf 85' lang='grc' dir='ltr'><strong><em>ἐβουλεύσαντο</em></strong></span> <span class='ocrx_word' id='word_1_196' title='bbox 1142 1627 1317 1677; x_wconf 84' lang='grc' dir='ltr'><strong><em>ποιῆσαι.</em></strong></span> <span class='ocrx_word' id='word_1_197' title='bbox 1361 1627 1435 1664; x_wconf 78' lang='grc' dir='ltr'><strong>τοῦ</strong></span> <span class='ocrx_word' id='word_1_198' title='bbox 1465 1617 1537 1664; x_wconf 69' lang='grc' dir='ltr'><strong>οὖν</strong></span> <span class='ocrx_word' id='word_1_199' title='bbox 1550 1637 1727 1677; x_wconf 87' lang='grc' dir='ltr'><strong><em>στρατη-</em></strong></span> 
     </span>
    </p>
   </div>
   <div class='ocr_carea' id='block_1_10' title="bbox 308 1686 1768 1746">
    <p class='ocr_par' dir='ltr' id='par_1_11' title="bbox 308 1686 1768 1746">
     <span class='ocr_line' id='line_1_23' title="bbox 308 1686 1768 1746; baseline -0.001 -17"><span class='ocrx_word' id='word_1_200' title='bbox 308 1692 383 1742; x_wconf 82' lang='grc' dir='ltr'><strong>γοῦ</strong></span> <span class='ocrx_word' id='word_1_201' title='bbox 408 1686 520 1744; x_wconf 80' lang='grc' dir='ltr'><strong><em>παρά</em></strong></span> <span class='ocrx_word' id='word_1_202' title='bbox 544 1706 587 1730; x_wconf 88' lang='grc' dir='ltr'><strong>τε</strong></span> <span class='ocrx_word' id='word_1_203' title='bbox 605 1693 685 1730; x_wconf 83' lang='grc' dir='ltr'><strong>τῶν</strong></span> <span class='ocrx_word' id='word_1_204' title='bbox 713 1691 1016 1744; x_wconf 82' lang='grc' dir='ltr'><strong><em>καμινοβιγλίων</em></strong></span> <span class='ocrx_word' id='word_1_205' title='bbox 1033 1690 1099 1730; x_wconf 84' lang='grc' dir='ltr'><strong>καὶ</strong></span> <span class='ocrx_word' id='word_1_206' title='bbox 1119 1693 1199 1731; x_wconf 83' lang='grc' dir='ltr'><strong>τῶν</strong></span> <span class='ocrx_word' id='word_1_207' title='bbox 1219 1687 1468 1746; x_wconf 84' lang='grc' dir='ltr'><strong><em>βιγλατόρων</em></strong></span> <span class='ocrx_word' id='word_1_208' title='bbox 1484 1688 1557 1743; x_wconf 85' lang='grc' dir='ltr'><strong>τὴν</strong></span> <span class='ocrx_word' id='word_1_209' title='bbox 1574 1686 1768 1731; x_wconf 51' lang='lat' dir='ltr'><strong>wirma</strong></span> 
     </span>
    </p>
   </div>
   <div class='ocr_carea' id='block_1_11' title="bbox 309 1754 1729 1812">
    <p class='ocr_par' dir='ltr' id='par_1_12' title="bbox 309 1754 1729 1812">
     <span class='ocr_line' id='line_1_24' title="bbox 309 1754 1729 1812; baseline 0.001 -17"><span class='ocrx_word' id='word_1_210' title='bbox 309 1755 501 1810; x_wconf 78' lang='grc' dir='ltr'><strong><em>ἐξέλευσιν</em></strong></span> <span class='ocrx_word' id='word_1_211' title='bbox 535 1754 914 1809; x_wconf 78' lang='grc' dir='ltr'><strong><em>ἆναμανθάνοντος,</em></strong></span> <span class='ocrx_word' id='word_1_212' title='bbox 951 1758 1107 1811; x_wconf 82' lang='grc' dir='ltr'><strong><em>σπουδῇ</em></strong></span> <span class='ocrx_word' id='word_1_213' title='bbox 1140 1760 1266 1812; x_wconf 86' lang='grc' dir='ltr'><strong><em>πολλῇ</em></strong></span> <span class='ocrx_word' id='word_1_214' title='bbox 1303 1756 1368 1798; x_wconf 80' lang='grc' dir='ltr'><strong>τὰ.</strong></span> <span class='ocrx_word' id='word_1_215' title='bbox 1392 1757 1436 1797; x_wconf 85' lang='grc' dir='ltr'><strong><em>ἐν</em></strong></span> <span class='ocrx_word' id='word_1_216' title='bbox 1468 1762 1558 1804; x_wconf 79' lang='grc' dir='ltr'><strong><em>ταῖς</em></strong></span> <span class='ocrx_word' id='word_1_217' title='bbox 1587 1754 1729 1811; x_wconf 75' lang='grc' dir='ltr'><strong><em>ἄκραις</em></strong></span> 
     </span>
    </p>
   </div>
   <div class='ocr_carea' id='block_1_12' title="bbox 305 1837 1726 2283">
    <p class='ocr_par' dir='ltr' id='par_1_13' title="bbox 305 1837 1726 2283">
     <span class='ocr_line' id='line_1_25' title="bbox 310 1837 1726 1884; baseline 0.001 -13"><span class='ocrx_word' id='word_1_218' title='bbox 310 1838 431 1872; x_wconf 77' lang='lat' dir='ltr'><strong>milites</strong></span> <span class='ocrx_word' id='word_1_219' title='bbox 460 1839 614 1883; x_wconf 80' lang='lat' dir='ltr'>capiant,</span> <span class='ocrx_word' id='word_1_220' title='bbox 637 1838 764 1872; x_wconf 84' lang='lat' dir='ltr'><strong>aestivo</strong></span> <span class='ocrx_word' id='word_1_221' title='bbox 790 1839 985 1884; x_wconf 87' lang='lat' dir='ltr'><strong>praesertim</strong></span> <span class='ocrx_word' id='word_1_222' title='bbox 1011 1843 1182 1884; x_wconf 83' lang='lat' dir='ltr'><strong>tempore,</strong></span> <span class='ocrx_word' id='word_1_223' title='bbox 1210 1839 1325 1873; x_wconf 89' lang='lat' dir='ltr'><strong>iubeat</strong></span> <span class='ocrx_word' id='word_1_224' title='bbox 1347 1839 1383 1872; x_wconf 89' lang='lat' dir='ltr'><strong>in</strong></span> <span class='ocrx_word' id='word_1_225' title='bbox 1406 1838 1553 1883; x_wconf 89' lang='lat' dir='ltr'><strong>qualibet</strong></span> <span class='ocrx_word' id='word_1_226' title='bbox 1576 1837 1726 1872; x_wconf 83' lang='lat' dir='ltr'><strong>centuria</strong></span> 
     </span>
     <span class='ocr_line' id='line_1_26' title="bbox 309 1882 1726 1928; baseline 0 -13"><span class='ocrx_word' id='word_1_227' title='bbox 309 1888 402 1915; x_wconf 83' lang='lat' dir='ltr'><strong>utres</strong></span> <span class='ocrx_word' id='word_1_228' title='bbox 416 1895 490 1916; x_wconf 86' lang='lat' dir='ltr'><strong>esse</strong></span> <span class='ocrx_word' id='word_1_229' title='bbox 511 1884 624 1917; x_wconf 91' lang='lat' dir='ltr'><strong>decem</strong></span> <span class='ocrx_word' id='word_1_230' title='bbox 634 1908 643 1923; x_wconf 93' lang='lat'><strong>,</strong></span> <span class='ocrx_word' id='word_1_231' title='bbox 667 1884 785 1927; x_wconf 89' lang='lat' dir='ltr'><strong>quibus</strong></span> <span class='ocrx_word' id='word_1_232' title='bbox 800 1889 951 1928; x_wconf 87' lang='lat' dir='ltr'><strong>portetur</strong></span> <span class='ocrx_word' id='word_1_233' title='bbox 968 1896 1074 1928; x_wconf 83' lang='lat' dir='ltr'><strong>aqua,</strong></span> <span class='ocrx_word' id='word_1_234' title='bbox 1095 1890 1309 1928; x_wconf 83' lang='lat' dir='ltr'><strong>temporeque</strong></span> <span class='ocrx_word' id='word_1_235' title='bbox 1325 1895 1455 1928; x_wconf 78' lang='lat' dir='ltr'><strong>pugnae</strong></span> <span class='ocrx_word' id='word_1_236' title='bbox 1470 1884 1512 1916; x_wconf 82' lang='lat' dir='ltr'><strong>iis</strong></span> <span class='ocrx_word' id='word_1_237' title='bbox 1527 1883 1584 1927; x_wconf 89' lang='lat' dir='ltr'><strong>qui</strong></span> <span class='ocrx_word' id='word_1_238' title='bbox 1599 1883 1635 1915; x_wconf 89' lang='lat' dir='ltr'><strong>in</strong></span> <span class='ocrx_word' id='word_1_239' title='bbox 1653 1882 1726 1916; x_wconf 90' lang='lat' dir='ltr'><strong>acie</strong></span> 
     </span>
     <span class='ocr_line' id='line_1_27' title="bbox 308 1927 1723 1979; baseline 0.001 -20"><span class='ocrx_word' id='word_1_240' title='bbox 308 1932 502 1968; x_wconf 81' lang='lat' dir='ltr'><strong>versantur,</strong></span> <span class='ocrx_word' id='word_1_241' title='bbox 527 1933 625 1972; x_wconf 88' lang='lat' dir='ltr'><strong>potus</strong></span> <span class='ocrx_word' id='word_1_242' title='bbox 645 1928 880 1972; x_wconf 85' lang='lat' dir='ltr'><strong>refrigeriique</strong></span> <span class='ocrx_word' id='word_1_243' title='bbox 901 1940 1001 1962; x_wconf 87' lang='lat' dir='ltr'><strong>causa</strong></span> <span class='ocrx_word' id='word_1_244' title='bbox 1019 1928 1246 1962; x_wconf 80' lang='lat' dir='ltr'><strong>distribuatur.</strong></span> <span class='ocrx_word' id='word_1_245' title='bbox 1291 1929 1415 1962; x_wconf 87' lang='lat' dir='ltr'><strong>Verum</strong></span> <span class='ocrx_word' id='word_1_246' title='bbox 1433 1927 1476 1960; x_wconf 90' lang='lat' dir='ltr'><strong>de</strong></span> <span class='ocrx_word' id='word_1_247' title='bbox 1493 1927 1554 1968; x_wconf 87' lang='lat' dir='ltr'><strong>iis,</strong></span> <span class='ocrx_word' id='word_1_248' title='bbox 1577 1938 1664 1979; x_wconf 83' lang='lat' dir='ltr'><strong>quae</strong></span> <span class='ocrx_word' id='word_1_249' title='bbox 1686 1927 1723 1960; x_wconf 87' lang='lat' dir='ltr'><strong>in</strong></span> 
     </span>
     <span class='ocr_line' id='line_1_28' title="bbox 308 1972 1722 2014; baseline 0.001 -11"><span class='ocrx_word' id='word_1_250' title='bbox 308 1972 470 2014; x_wconf 83' lang='lat' dir='ltr'><strong>angustiis</strong></span> <span class='ocrx_word' id='word_1_251' title='bbox 487 1972 642 2006; x_wconf 80' lang='lat' dir='ltr'><strong>constitui</strong></span> <span class='ocrx_word' id='word_1_252' title='bbox 659 1972 836 2006; x_wconf 88' lang='lat' dir='ltr'><strong>dimicandi</strong></span> <span class='ocrx_word' id='word_1_253' title='bbox 855 1984 955 2006; x_wconf 84' lang='lat' dir='ltr'><strong>causa</strong></span> <span class='ocrx_word' id='word_1_254' title='bbox 973 1973 1112 2014; x_wconf 84' lang='lat' dir='ltr'><strong>debent,</strong></span> <span class='ocrx_word' id='word_1_255' title='bbox 1135 1973 1218 2006; x_wconf 88' lang='lat' dir='ltr'><strong>haec</strong></span> <span class='ocrx_word' id='word_1_256' title='bbox 1235 1972 1411 2006; x_wconf 84' lang='lat' dir='ltr'><strong>sufficiant.</strong></span> <span class='ocrx_word' id='word_1_257' title='bbox 1457 1972 1556 2012; x_wconf 82' lang='lat' dir='ltr'><strong>Quod</strong></span> <span class='ocrx_word' id='word_1_258' title='bbox 1575 1983 1605 2004; x_wconf 84' lang='lat' dir='ltr'><strong>si</strong></span> <span class='ocrx_word' id='word_1_259' title='bbox 1622 1972 1722 2004; x_wconf 84' lang='lat' dir='ltr'><strong>etiam</strong></span> 
     </span>
     <span class='ocr_line' id='line_1_29' title="bbox 307 2015 1722 2060; baseline 0.001 -13"><span class='ocrx_word' id='word_1_260' title='bbox 307 2022 409 2048; x_wconf 84' lang='lat' dir='ltr'><strong>noctu</strong></span> <span class='ocrx_word' id='word_1_261' title='bbox 428 2016 463 2048; x_wconf 93' lang='lat' dir='ltr'><strong>in</strong></span> <span class='ocrx_word' id='word_1_262' title='bbox 484 2016 644 2050; x_wconf 90' lang='lat' dir='ltr'><strong>eiusmodi</strong></span> <span class='ocrx_word' id='word_1_263' title='bbox 660 2016 742 2055; x_wconf 84' lang='lat' dir='ltr'><strong>locis</strong></span> <span class='ocrx_word' id='word_1_264' title='bbox 759 2017 926 2060; x_wconf 88' lang='lat' dir='ltr'><strong>impeditis</strong></span> <span class='ocrx_word' id='word_1_265' title='bbox 943 2029 1072 2050; x_wconf 89' lang='lat' dir='ltr'><strong>manum</strong></span> <span class='ocrx_word' id='word_1_266' title='bbox 1091 2027 1264 2050; x_wconf 85' lang='lat' dir='ltr'><strong>conserere</strong></span> <span class='ocrx_word' id='word_1_267' title='bbox 1283 2019 1454 2060; x_wconf 74' lang='lat' dir='ltr'><strong>oporteat,</strong></span> <span class='ocrx_word' id='word_1_268' title='bbox 1477 2027 1520 2048; x_wconf 88' lang='lat' dir='ltr'><strong>ea</strong></span> <span class='ocrx_word' id='word_1_269' title='bbox 1536 2016 1612 2059; x_wconf 87' lang='lat' dir='ltr'><strong>ipsa</strong></span> <span class='ocrx_word' id='word_1_270' title='bbox 1625 2015 1722 2049; x_wconf 85' lang='lat' dir='ltr'><strong>utilia</strong></span> 
     </span>
     <span class='ocr_line' id='line_1_30' title="bbox 307 2059 1722 2104; baseline 0.001 -13"><span class='ocrx_word' id='word_1_271' title='bbox 307 2059 479 2092; x_wconf 83' lang='lat' dir='ltr'><strong>admodum</strong></span> <span class='ocrx_word' id='word_1_272' title='bbox 495 2072 568 2095; x_wconf 88' lang='lat' dir='ltr'><strong>esse</strong></span> <span class='ocrx_word' id='word_1_273' title='bbox 584 2064 749 2104; x_wconf 85' lang='lat' dir='ltr'><strong>poterunt.</strong></span> <span class='ocrx_word' id='word_1_274' title='bbox 794 2063 916 2095; x_wconf 89' lang='lat' dir='ltr'><strong>Verum</strong></span> <span class='ocrx_word' id='word_1_275' title='bbox 933 2062 975 2095; x_wconf 86' lang='lat' dir='ltr'><strong>de</strong></span> <span class='ocrx_word' id='word_1_276' title='bbox 994 2061 1203 2095; x_wconf 82' lang='lat' dir='ltr'><strong>dimicatione</strong></span> <span class='ocrx_word' id='word_1_277' title='bbox 1219 2067 1380 2094; x_wconf 76' lang='lat' dir='ltr'><strong>noemma</strong></span> <span class='ocrx_word' id='word_1_278' title='bbox 1405 2070 1565 2104; x_wconf 77' lang='lat' dir='ltr'><strong>exponam</strong></span> <span class='ocrx_word' id='word_1_279' title='bbox 1580 2059 1645 2093; x_wconf 89' lang='lat' dir='ltr'><strong>alio</strong></span> <span class='ocrx_word' id='word_1_280' title='bbox 1663 2071 1722 2093; x_wconf 84' lang='lat' dir='ltr'><strong>ca-</strong></span> 
     </span>
     <span class='ocr_line' id='line_1_31' title="bbox 307 2102 1721 2148; baseline 0.002 -13"><span class='ocrx_word' id='word_1_281' title='bbox 307 2102 388 2146; x_wconf 84' lang='lat' dir='ltr'><strong>pite.</strong></span> <span class='ocrx_word' id='word_1_282' title='bbox 440 2105 539 2137; x_wconf 88' lang='lat' dir='ltr'><strong>Nunc</strong></span> <span class='ocrx_word' id='word_1_283' title='bbox 566 2116 631 2148; x_wconf 82' lang='lat' dir='ltr'><strong>qua</strong></span> <span class='ocrx_word' id='word_1_284' title='bbox 652 2106 781 2139; x_wconf 89' lang='lat' dir='ltr'><strong>ratione</strong></span> <span class='ocrx_word' id='word_1_285' title='bbox 811 2106 995 2140; x_wconf 84' lang='lat' dir='ltr'><strong>consectari</strong></span> <span class='ocrx_word' id='word_1_286' title='bbox 1019 2106 1131 2139; x_wconf 82' lang='lat' dir='ltr'><strong>hostes</strong></span> <span class='ocrx_word' id='word_1_287' title='bbox 1159 2105 1299 2144; x_wconf 81' lang='lat' dir='ltr'><strong>debeas,</strong></span> <span class='ocrx_word' id='word_1_288' title='bbox 1332 2105 1445 2138; x_wconf 85' lang='lat' dir='ltr'><strong>dicere</strong></span> <span class='ocrx_word' id='word_1_289' title='bbox 1470 2104 1602 2138; x_wconf 85' lang='lat' dir='ltr'><strong>ordiar:</strong></span> <span class='ocrx_word' id='word_1_290' title='bbox 1635 2115 1721 2148; x_wconf 82' lang='lat' dir='ltr'><strong>quae</strong></span> 
     </span>
     <span class='ocr_line' id='line_1_32' title="bbox 305 2148 1719 2193; baseline 0.001 -13"><span class='ocrx_word' id='word_1_291' title='bbox 305 2148 392 2180; x_wconf 79' lang='lat' dir='ltr'><strong>ratio</strong></span> <span class='ocrx_word' id='word_1_292' title='bbox 408 2152 445 2180; x_wconf 86' lang='lat' dir='ltr'><strong>ut</strong></span> <span class='ocrx_word' id='word_1_293' title='bbox 463 2150 614 2192; x_wconf 84' lang='lat' dir='ltr'><strong>perutilis</strong></span> <span class='ocrx_word' id='word_1_294' title='bbox 632 2161 671 2182; x_wconf 84' lang='lat' dir='ltr'><strong>ac</strong></span> <span class='ocrx_word' id='word_1_295' title='bbox 689 2151 876 2184; x_wconf 84' lang='lat' dir='ltr'><strong>necessaria</strong></span> <span class='ocrx_word' id='word_1_296' title='bbox 893 2156 955 2191; x_wconf 86' lang='lat' dir='ltr'><strong>est,</strong></span> <span class='ocrx_word' id='word_1_297' title='bbox 981 2151 1030 2183; x_wconf 87' lang='lat' dir='ltr'><strong>ita</strong></span> <span class='ocrx_word' id='word_1_298' title='bbox 1045 2150 1170 2190; x_wconf 84' lang='lat' dir='ltr'><strong>efficit,</strong></span> <span class='ocrx_word' id='word_1_299' title='bbox 1193 2154 1231 2182; x_wconf 87' lang='lat' dir='ltr'><strong>ut</strong></span> <span class='ocrx_word' id='word_1_300' title='bbox 1250 2150 1388 2193; x_wconf 84' lang='lat' dir='ltr'><strong>parvula</strong></span> <span class='ocrx_word' id='word_1_301' title='bbox 1408 2149 1604 2193; x_wconf 84' lang='lat' dir='ltr'><strong>infirmaque</strong></span> <span class='ocrx_word' id='word_1_302' title='bbox 1626 2149 1719 2182; x_wconf 80' lang='lat' dir='ltr'><strong>obie-</strong></span> 
     </span>
     <span class='ocr_line' id='line_1_33' title="bbox 309 2193 1718 2239; baseline 0.002 -15"><span class='ocrx_word' id='word_1_303' title='bbox 309 2196 366 2224; x_wconf 86' lang='lat' dir='ltr'><strong>cta</strong></span> <span class='ocrx_word' id='word_1_304' title='bbox 388 2204 485 2226; x_wconf 85' lang='lat' dir='ltr'><strong>manu</strong></span> <span class='ocrx_word' id='word_1_305' title='bbox 509 2193 628 2236; x_wconf 85' lang='lat' dir='ltr'><strong>ingens</strong></span> <span class='ocrx_word' id='word_1_306' title='bbox 647 2194 790 2227; x_wconf 87' lang='lat' dir='ltr'><strong>hostium</strong></span> <span class='ocrx_word' id='word_1_307' title='bbox 816 2195 988 2228; x_wconf 83' lang='lat' dir='ltr'><strong>multitudo</strong></span> <span class='ocrx_word' id='word_1_308' title='bbox 1016 2205 1081 2228; x_wconf 92' lang='lat' dir='ltr'><strong>non</strong></span> <span class='ocrx_word' id='word_1_309' title='bbox 1104 2194 1201 2228; x_wconf 90' lang='lat' dir='ltr'><strong>modo</strong></span> <span class='ocrx_word' id='word_1_310' title='bbox 1228 2194 1313 2228; x_wconf 80' lang='lat' dir='ltr'><strong>nihil</strong></span> <span class='ocrx_word' id='word_1_311' title='bbox 1339 2193 1512 2239; x_wconf 81' lang='lat' dir='ltr'><strong>proficiat,</strong></span> <span class='ocrx_word' id='word_1_312' title='bbox 1542 2193 1603 2228; x_wconf 80' lang='lat' dir='ltr'><strong>sed</strong></span> <span class='ocrx_word' id='word_1_313' title='bbox 1620 2193 1718 2228; x_wconf 82' lang='lat' dir='ltr'><strong>etiam</strong></span> 
     </span>
     <span class='ocr_line' id='line_1_34' title="bbox 307 2235 1283 2283; baseline 0.004 -14"><span class='ocrx_word' id='word_1_314' title='bbox 307 2235 498 2281; x_wconf 88' lang='lat' dir='ltr'><strong>plerumque</strong></span> <span class='ocrx_word' id='word_1_315' title='bbox 511 2238 577 2270; x_wconf 87' lang='lat' dir='ltr'><strong>Dei</strong></span> <span class='ocrx_word' id='word_1_316' title='bbox 592 2238 724 2272; x_wconf 88' lang='lat' dir='ltr'><strong>numine</strong></span> <span class='ocrx_word' id='word_1_317' title='bbox 738 2239 895 2273; x_wconf 81' lang='lat' dir='ltr'><strong>fundatur</strong></span> <span class='ocrx_word' id='word_1_318' title='bbox 912 2240 1122 2283; x_wconf 85' lang='lat' dir='ltr'><strong>fugeturque.</strong></span> <span class='ocrx_word' id='word_1_319' title='bbox 1279 2257 1283 2260; x_wconf 50' lang='lat'><strong>⁴</strong></span> 
     </span>
    </p>
   </div>
   <div class='ocr_carea' id='block_1_13' title="bbox 308 2302 1768 2358">
    <p class='ocr_par' dir='ltr' id='par_1_14' title="bbox 308 2302 1768 2358">
     <span class='ocr_line' id='line_1_35' title="bbox 308 2302 1768 2358; baseline 0.001 -11"><span class='ocrx_word' id='word_1_320' title='bbox 308 2315 388 2347; x_wconf 65' lang='lat' dir='ltr'><strong>Cu.</strong></span> <span class='ocrx_word' id='word_1_321' title='bbox 407 2315 459 2347; x_wconf 84' lang='lat' dir='ltr'><strong>VI.</strong></span> <span class='ocrx_word' id='word_1_322' title='bbox 503 2316 551 2347; x_wconf 89' lang='lat' dir='ltr'><strong>De</strong></span> <span class='ocrx_word' id='word_1_323' title='bbox 565 2318 772 2348; x_wconf 85' lang='lat' dir='ltr'><strong>consectando</strong></span> <span class='ocrx_word' id='word_1_324' title='bbox 790 2319 925 2357; x_wconf 82' lang='lat' dir='ltr'><strong>equestri</strong></span> <span class='ocrx_word' id='word_1_325' title='bbox 948 2319 1089 2358; x_wconf 85' lang='lat' dir='ltr'><strong>agmine,</strong></span> <span class='ocrx_word' id='word_1_326' title='bbox 1111 2317 1193 2357; x_wconf 86' lang='lat' dir='ltr'><strong>quod</strong></span> <span class='ocrx_word' id='word_1_327' title='bbox 1219 2317 1401 2358; x_wconf 85' lang='lat' dir='ltr'><strong>praedatum</strong></span> <span class='ocrx_word' id='word_1_328' title='bbox 1423 2317 1581 2355; x_wconf 83' lang='lat' dir='ltr'><strong>incurrat,</strong></span> <span class='ocrx_word' id='word_1_329' title='bbox 1603 2319 1638 2348; x_wconf 85' lang='lat' dir='ltr'><strong>et</strong></span> <span class='ocrx_word' id='word_1_330' title='bbox 1655 2325 1716 2357; x_wconf 86' lang='lat' dir='ltr'><strong>quo</strong></span> <span class='ocrx_word' id='word_1_331' title='bbox 1765 2302 1768 2305; x_wconf 35' lang='lat'>⁵</span> 
     </span>
    </p>
   </div>
   <div class='ocr_carea' id='block_1_14' title="bbox 394 2362 1714 2472">
    <p class='ocr_par' dir='ltr' id='par_1_15' title="bbox 394 2362 1714 2472">
     <span class='ocr_line' id='line_1_36' title="bbox 647 2362 1375 2403; baseline 0 -11"><span class='ocrx_word' id='word_1_332' title='bbox 647 2365 740 2402; x_wconf 86' lang='lat' dir='ltr'><strong>pacto</strong></span> <span class='ocrx_word' id='word_1_333' title='bbox 758 2372 915 2395; x_wconf 86' lang='lat' dir='ltr'><strong>numerum</strong></span> <span class='ocrx_word' id='word_1_334' title='bbox 934 2364 1063 2394; x_wconf 86' lang='lat' dir='ltr'><strong>militum</strong></span> <span class='ocrx_word' id='word_1_335' title='bbox 1088 2363 1153 2394; x_wconf 82' lang='lat' dir='ltr'><strong>eius</strong></span> <span class='ocrx_word' id='word_1_336' title='bbox 1173 2362 1252 2393; x_wconf 84' lang='lat' dir='ltr'><strong>inire</strong></span> <span class='ocrx_word' id='word_1_337' title='bbox 1266 2363 1375 2403; x_wconf 80' lang='lat' dir='ltr'><strong>possis.</strong></span> 
     </span>
     <span class='ocr_line' id='line_1_37' title="bbox 394 2424 1714 2472; baseline 0.001 -15"><span class='ocrx_word' id='word_1_338' title='bbox 394 2424 613 2458; x_wconf 84' lang='lat' dir='ltr'><strong>Praedatoria</strong></span> <span class='ocrx_word' id='word_1_339' title='bbox 630 2425 763 2469; x_wconf 79' lang='lat' dir='ltr'><strong>agmina</strong></span> <span class='ocrx_word' id='word_1_340' title='bbox 776 2427 937 2467; x_wconf 84' lang='lat' dir='ltr'><strong>hostium,</strong></span> <span class='ocrx_word' id='word_1_341' title='bbox 960 2438 1046 2472; x_wconf 86' lang='lat' dir='ltr'><strong>quae</strong></span> <span class='ocrx_word' id='word_1_342' title='bbox 1063 2437 1258 2460; x_wconf 83' lang='lat' dir='ltr'><strong>monocursa</strong></span> <span class='ocrx_word' id='word_1_343' title='bbox 1272 2430 1433 2460; x_wconf 79' lang='lat' dir='ltr'><strong>vocantur</strong></span> <span class='ocrx_word' id='word_1_344' title='bbox 1448 2428 1484 2459; x_wconf 87' lang='lat' dir='ltr'><strong>et</strong></span> <span class='ocrx_word' id='word_1_345' title='bbox 1509 2425 1633 2469; x_wconf 83' lang='lat' dir='ltr'><strong>absque</strong></span> <span class='ocrx_word' id='word_1_346' title='bbox 1653 2435 1714 2469; x_wconf 84' lang='lat' dir='ltr'><strong>pe-</strong></span> 
     </span>
    </p>
   </div>
   <div class='ocr_carea' id='block_1_15' title="bbox 304 2467 1768 2604">
    <p class='ocr_par' dir='ltr' id='par_1_16' title="bbox 304 2467 1768 2604">
     <span class='ocr_line' id='line_1_38' title="bbox 306 2467 1765 2515; baseline 0.001 -14"><span class='ocrx_word' id='word_1_347' title='bbox 306 2467 412 2502; x_wconf 79' lang='lat' dir='ltr'><strong>ditatu</strong></span> <span class='ocrx_word' id='word_1_348' title='bbox 430 2481 449 2502; x_wconf 90' lang='lat' dir='ltr'><strong>e</strong></span> <span class='ocrx_word' id='word_1_349' title='bbox 467 2469 535 2502; x_wconf 87' lang='lat' dir='ltr'><strong>suis</strong></span> <span class='ocrx_word' id='word_1_350' title='bbox 553 2470 674 2503; x_wconf 85' lang='lat' dir='ltr'><strong>finibus</strong></span> <span class='ocrx_word' id='word_1_351' title='bbox 693 2475 884 2515; x_wconf 84' lang='lat' dir='ltr'><strong>erumpunt,</strong></span> <span class='ocrx_word' id='word_1_352' title='bbox 905 2472 1028 2505; x_wconf 88' lang='lat' dir='ltr'><strong>itinere</strong></span> <span class='ocrx_word' id='word_1_353' title='bbox 1052 2471 1224 2505; x_wconf 84' lang='lat' dir='ltr'><strong>confestim</strong></span> <span class='ocrx_word' id='word_1_354' title='bbox 1249 2472 1338 2504; x_wconf 81' lang='lat' dir='ltr'><strong>facto</strong></span> <span class='ocrx_word' id='word_1_355' title='bbox 1361 2481 1519 2514; x_wconf 79' lang='lat' dir='ltr'><strong>nusquam</strong></span> <span class='ocrx_word' id='word_1_356' title='bbox 1544 2468 1714 2504; x_wconf 75' lang='lat' dir='ltr'><strong>considere</strong></span> <span class='ocrx_word' id='word_1_357' title='bbox 1760 2473 1765 2497; x_wconf 71' lang='lat'>2</span> 
     </span>
     <span class='ocr_line' id='line_1_39' title="bbox 304 2513 1768 2558; baseline 0 -12"><span class='ocrx_word' id='word_1_358' title='bbox 304 2517 441 2557; x_wconf 86' lang='lat' dir='ltr'><strong>totaque</strong></span> <span class='ocrx_word' id='word_1_359' title='bbox 456 2518 554 2548; x_wconf 85' lang='lat' dir='ltr'><strong>nocte</strong></span> <span class='ocrx_word' id='word_1_360' title='bbox 570 2515 776 2548; x_wconf 78' lang='lat' dir='ltr'><strong>continenter</strong></span> <span class='ocrx_word' id='word_1_361' title='bbox 791 2517 842 2549; x_wconf 89' lang='lat' dir='ltr'><strong>ire</strong></span> <span class='ocrx_word' id='word_1_362' title='bbox 856 2521 1114 2550; x_wconf 73' lang='lat' dir='ltr'><strong>consueverunt:</strong></span> <span class='ocrx_word' id='word_1_363' title='bbox 1140 2515 1295 2549; x_wconf 84' lang='lat' dir='ltr'><strong>iumentis</strong></span> <span class='ocrx_word' id='word_1_364' title='bbox 1314 2519 1442 2549; x_wconf 86' lang='lat' dir='ltr'><strong>tantum</strong></span> <span class='ocrx_word' id='word_1_365' title='bbox 1456 2513 1616 2558; x_wconf 73' lang='lat' dir='ltr'><strong>requietis</strong></span> <span class='ocrx_word' id='word_1_366' title='bbox 1633 2523 1713 2546; x_wconf 77' lang='lat' dir='ltr'><strong>oon-</strong></span> <span class='ocrx_word' id='word_1_367' title='bbox 1747 2516 1768 2557; x_wconf 56' lang='grc' dir='ltr'><strong>’ζ</strong></span> 
     </span>
     <span class='ocr_line' id='line_1_40' title="bbox 304 2558 1713 2604; baseline 0.003 -14"><span class='ocrx_word' id='word_1_368' title='bbox 304 2558 476 2599; x_wconf 83' lang='lat' dir='ltr'><strong>cedentia,</strong></span> <span class='ocrx_word' id='word_1_369' title='bbox 499 2563 655 2604; x_wconf 86' lang='lat' dir='ltr'><strong>quantum</strong></span> <span class='ocrx_word' id='word_1_370' title='bbox 669 2559 751 2591; x_wconf 85' lang='lat' dir='ltr'><strong>satis</strong></span> <span class='ocrx_word' id='word_1_371' title='bbox 766 2560 810 2593; x_wconf 86' lang='lat' dir='ltr'><strong>sit</strong></span> <span class='ocrx_word' id='word_1_372' title='bbox 830 2560 872 2594; x_wconf 85' lang='lat' dir='ltr'><strong>ad</strong></span> <span class='ocrx_word' id='word_1_373' title='bbox 890 2560 1044 2604; x_wconf 78' lang='lat' dir='ltr'><strong>pabulum</strong></span> <span class='ocrx_word' id='word_1_374' title='bbox 1061 2560 1129 2594; x_wconf 85' lang='lat' dir='ltr'><strong>illis</strong></span> <span class='ocrx_word' id='word_1_375' title='bbox 1143 2561 1297 2594; x_wconf 85' lang='lat' dir='ltr'><strong>dandum.</strong></span> <span class='ocrx_word' id='word_1_376' title='bbox 1339 2560 1429 2593; x_wconf 79' lang='lat' dir='ltr'><strong>Nam</strong></span> <span class='ocrx_word' id='word_1_377' title='bbox 1448 2558 1577 2592; x_wconf 81' lang='lat' dir='ltr'><strong>omnino</strong></span> <span class='ocrx_word' id='word_1_378' title='bbox 1598 2568 1713 2590; x_wconf 77' lang='lat' dir='ltr'><strong>mono-</strong></span> 
     </span>
    </p>
   </div>
   <div class='ocr_carea' id='block_1_16' title="bbox 303 2600 1768 2649">
    <p class='ocr_par' dir='ltr' id='par_1_17' title="bbox 303 2600 1768 2649">
     <span class='ocr_line' id='line_1_41' title="bbox 303 2600 1768 2649; baseline -0.001 -13"><span class='ocrx_word' id='word_1_379' title='bbox 303 2612 402 2636; x_wconf 86' lang='lat' dir='ltr'><strong>cursa</strong></span> <span class='ocrx_word' id='word_1_380' title='bbox 426 2614 499 2637; x_wconf 86' lang='lat' dir='ltr'><strong>cum</strong></span> <span class='ocrx_word' id='word_1_381' title='bbox 520 2604 637 2648; x_wconf 87' lang='lat' dir='ltr'><strong>paucis</strong></span> <span class='ocrx_word' id='word_1_382' title='bbox 663 2603 835 2637; x_wconf 83' lang='lat' dir='ltr'><strong>admodum</strong></span> <span class='ocrx_word' id='word_1_383' title='bbox 860 2605 920 2638; x_wconf 88' lang='lat' dir='ltr'><strong>sed</strong></span> <span class='ocrx_word' id='word_1_384' title='bbox 943 2605 1082 2638; x_wconf 84' lang='lat' dir='ltr'><strong>delectis</strong></span> <span class='ocrx_word' id='word_1_385' title='bbox 1109 2605 1275 2649; x_wconf 89' lang='lat' dir='ltr'><strong>equitibus</strong></span> <span class='ocrx_word' id='word_1_386' title='bbox 1301 2604 1457 2638; x_wconf 78' lang='lat' dir='ltr'><strong>existunt.</strong></span> <span class='ocrx_word' id='word_1_387' title='bbox 1500 2601 1712 2635; x_wconf 71' lang='lat' dir='ltr'><strong>contendunt</strong></span> <span class='ocrx_word' id='word_1_388' title='bbox 1736 2600 1768 2625; x_wconf 57' lang='lat'><strong>&#39;3⁴</strong></span> 
     </span>
    </p>
   </div>
   <div class='ocr_carea' id='block_1_17' title="bbox 301 2648 1712 2784">
    <p class='ocr_par' dir='ltr' id='par_1_18' title="bbox 301 2648 1712 2784">
     <span class='ocr_line' id='line_1_42' title="bbox 302 2648 1711 2695; baseline -0.001 -15"><span class='ocrx_word' id='word_1_389' title='bbox 302 2651 432 2688; x_wconf 84' lang='lat' dir='ltr'><strong>autem,</strong></span> <span class='ocrx_word' id='word_1_390' title='bbox 455 2654 493 2681; x_wconf 88' lang='lat' dir='ltr'><strong>ut</strong></span> <span class='ocrx_word' id='word_1_391' title='bbox 517 2648 560 2682; x_wconf 87' lang='lat' dir='ltr'><strong>ad</strong></span> <span class='ocrx_word' id='word_1_392' title='bbox 582 2648 693 2689; x_wconf 80' lang='lat' dir='ltr'><strong>vicos,</strong></span> <span class='ocrx_word' id='word_1_393' title='bbox 724 2659 788 2692; x_wconf 89' lang='lat' dir='ltr'><strong>quo</strong></span> <span class='ocrx_word' id='word_1_394' title='bbox 806 2649 1051 2692; x_wconf 84' lang='lat' dir='ltr'><strong>impressionem</strong></span> <span class='ocrx_word' id='word_1_395' title='bbox 1075 2650 1297 2695; x_wconf 87' lang='lat' dir='ltr'><strong>impetumque</strong></span> <span class='ocrx_word' id='word_1_396' title='bbox 1320 2649 1434 2681; x_wconf 82' lang='lat' dir='ltr'><strong>facere</strong></span> <span class='ocrx_word' id='word_1_397' title='bbox 1458 2650 1711 2687; x_wconf 68' lang='lat' dir='ltr'><strong>constituerunt,</strong></span> 
     </span>
     <span class='ocr_line' id='line_1_43' title="bbox 301 2690 1711 2739; baseline -0.001 -13"><span class='ocrx_word' id='word_1_398' title='bbox 301 2691 406 2733; x_wconf 81' lang='lat' dir='ltr'><strong>primo</strong></span> <span class='ocrx_word' id='word_1_399' title='bbox 421 2704 551 2736; x_wconf 88' lang='lat' dir='ltr'><strong>quoque</strong></span> <span class='ocrx_word' id='word_1_400' title='bbox 566 2696 715 2737; x_wconf 83' lang='lat' dir='ltr'><strong>tempore</strong></span> <span class='ocrx_word' id='word_1_401' title='bbox 729 2694 936 2737; x_wconf 83' lang='lat' dir='ltr'><strong>perveniant.</strong></span> <span class='ocrx_word' id='word_1_402' title='bbox 982 2694 1079 2735; x_wconf 88' lang='lat' dir='ltr'><strong>Dux,</strong></span> <span class='ocrx_word' id='word_1_403' title='bbox 1106 2706 1166 2739; x_wconf 85' lang='lat' dir='ltr'><strong>pei·</strong></span> <span class='ocrx_word' id='word_1_404' title='bbox 1182 2693 1350 2727; x_wconf 80' lang='lat' dir='ltr'><strong>custodias</strong></span> <span class='ocrx_word' id='word_1_405' title='bbox 1367 2693 1518 2725; x_wconf 69' lang='lat' dir='ltr'><strong>itii-enim</strong></span> <span class='ocrx_word' id='word_1_406' title='bbox 1537 2690 1711 2724; x_wconf 79' lang='lat' dir='ltr'><strong>excubito-</strong></span> 
     </span>
     <span class='ocr_line' id='line_1_44' title="bbox 301 2734 1712 2784; baseline -0.002 -13"><span class='ocrx_word' id='word_1_407' title='bbox 301 2744 432 2779; x_wconf 23' lang='lat' dir='ltr'><strong>resque&lt;</strong></span> <span class='ocrx_word' id='word_1_408' title='bbox 441 2737 484 2771; x_wconf 87' lang='lat' dir='ltr'><strong>de</strong></span> <span class='ocrx_word' id='word_1_409' title='bbox 500 2749 611 2772; x_wconf 88' lang='lat' dir='ltr'><strong>eorum</strong></span> <span class='ocrx_word' id='word_1_410' title='bbox 625 2738 810 2783; x_wconf 83' lang='lat' dir='ltr'><strong>irruptione</strong></span> <span class='ocrx_word' id='word_1_411' title='bbox 827 2738 951 2773; x_wconf 75' lang='lat' dir='ltr'><strong>certior</strong></span> <span class='ocrx_word' id='word_1_412' title='bbox 969 2739 1097 2781; x_wconf 81' lang='lat' dir='ltr'><strong>factus,</strong></span> <span class='ocrx_word' id='word_1_413' title='bbox 1116 2749 1236 2784; x_wconf 83' lang='lat' dir='ltr'><strong>magna</strong></span> <span class='ocrx_word' id='word_1_414' title='bbox 1261 2736 1431 2782; x_wconf 88' lang='lat' dir='ltr'><strong>diligentia</strong></span> <span class='ocrx_word' id='word_1_415' title='bbox 1446 2735 1491 2770; x_wconf 79' lang='lat' dir='ltr'><strong>ad</strong></span> <span class='ocrx_word' id='word_1_416' title='bbox 1506 2734 1599 2769; x_wconf 74' lang='lat' dir='ltr'><strong>vieo·</strong></span> <span class='ocrx_word' id='word_1_417' title='bbox 1622 2734 1712 2769; x_wconf 82' lang='lat' dir='ltr'><strong>limi-</strong></span> 
     </span>
    </p>
   </div>
   <div class='ocr_carea' id='block_1_18' title="bbox 1746 2686 1768 2771">
    <p class='ocr_par' dir='ltr' id='par_1_19' title="bbox 1746 2686 1768 2771">
     <span class='ocr_line' id='line_1_45' title="bbox 1752 2686 1768 2719; baseline 0 0"><span class='ocrx_word' id='word_1_418' title='bbox 1752 2686 1768 2719; x_wconf 62' lang='grc' dir='ltr'><strong><em>ἐι</em></strong></span> 
     </span>
     <span class='ocr_line' id='line_1_46' title="bbox 1746 2742 1759 2771; baseline 0 -31"><span class='ocrx_word' id='word_1_419' title='bbox 1746 2742 1759 2771; x_wconf 63' lang='lat'><strong>³2</strong></span> 
     </span>
    </p>
   </div>
   <div class='ocr_carea' id='block_1_19' title="bbox 1741 2776 1768 2832">
    <p class='ocr_par' dir='ltr' id='par_1_20' title="bbox 1741 2776 1768 2832">
     <span class='ocr_line' id='line_1_47' title="bbox 1741 2776 1768 2803; baseline 0 0"><span class='ocrx_word' id='word_1_420' title='bbox 1741 2776 1768 2803; x_wconf 55' lang='lat'><strong>-23</strong></span> 
     </span>
     <span class='ocr_line' id='line_1_48' title="bbox 1750 2803 1768 2832; baseline 0.056 -1"><span class='ocrx_word' id='word_1_421' title='bbox 1750 2803 1768 2832; x_wconf 67' lang='grc' dir='ltr'><strong>’,ἐ</strong></span> 
     </span>
    </p>
   </div>
   <div class='ocr_carea' id='block_1_20' title="bbox 1744 2838 1768 2924">
    <p class='ocr_par' dir='ltr' id='par_1_21' title="bbox 1744 2838 1768 2924">
     <span class='ocr_line' id='line_1_49' title="bbox 1752 2838 1768 2871; baseline 0 0"><span class='ocrx_word' id='word_1_422' title='bbox 1752 2838 1768 2871; x_wconf 60' lang='lat'><strong>15:</strong></span> 
     </span>
     <span class='ocr_line' id='line_1_50' title="bbox 1744 2870 1768 2895; baseline 0 0"><span class='ocrx_word' id='word_1_423' title='bbox 1744 2870 1768 2895; x_wconf 50' lang='grc' dir='ltr'><strong>Ἰ]</strong></span> 
     </span>
     <span class='ocr_line' id='line_1_51' title="bbox 1763 2910 1768 2924; baseline 0 0"><span class='ocrx_word' id='word_1_424' title='bbox 1763 2910 1768 2924; x_wconf 70' lang='grc' dir='ltr'><strong>ἰ</strong></span> 
     </span>
    </p>
   </div>
   <div class='ocr_carea' id='block_1_21' title="bbox 1749 2962 1768 3034">
    <p class='ocr_par' dir='ltr' id='par_1_22' title="bbox 1749 2962 1768 3034">
     <span class='ocr_line' id='line_1_52' title="bbox 1749 2962 1768 3034; baseline 0 -49"><span class='ocrx_word' id='word_1_425' title='bbox 1749 2962 1768 3034; x_wconf 62' lang='grc' dir='ltr'>Ξ</span> 
     </span>
    </p>
   </div>
  </div>
 </body>
</html>
