1768 3034
520 157 825 204 HISTORIAE
855 157 927 203 VI.
966 163 1032 203 10.
1375 144 1483 194 ’105

157 266 199 313 ι’.
230 266 279 312 ‘O
299 267 347 310 δὲ
362 265 695 325 Σφενδοσλάβος,
730 271 820 315 ταις
845 264 951 307 κατὰ
977 267 1060 306 τῶν
1085 264 1248 306 Μυσῶν
1275 262 1402 311 νίκαις
1421 260 1485 303 3⁷12
1506 275 1595 309 με
1610 273 1679 310 970

57 335 160 392 μέγα
176 334 407 392 αἰρόμενος,
445 337 511 377 καὶ
527 340 579 391 τῇ
597 338 827 390 βαρβαρικῇ
845 333 1044 375 αὖθαδεία
1061 328 1266 387 ὖπέροπλα
1282 328 1485 385 βρενθυό-
1494 324 1556 400 ΒῙ·
1578 322 1605 354 Ῑ·
1629 321 1648 354 ¹

59 421 179 458 μενος
196 402 295 460 (ἤδη
313 403 390 459 γὰρ
415 402 491 457 τὴν
506 401 646 458 χώραν
662 402 836 455 βεβαίως
856 398 1081 456 ἐκέκτητο),
1117 399 1303 454 περιδεεῖς
1321 398 1389 439 καὶ
1413 414 1489 439 κα-

59 475 269 526 ταπλῆγας
286 469 464 518 Μυσοὺς
482 474 532 526 τῇ
552 466 716 526 ἕμφύτῳ
736 468 901 526 ἀπηνείᾳ
917 464 1259 523 κατεργασάμενος
1276 463 1395 521 (φασὶ
1412 464 1491 520 γὰρ

27 538 137 593 5τὴν
158 540 361 582 Φιλίππου
390 535 505 579 πόλιν
523 541 583 594 τῷ
603 540 786 589 πολεμεῖν
805 535 969 587 ἐξελὼν,
1008 534 1240 589 δισμυρίους
1265 537 1346 575 τῶν
1370 533 1412 574 ἓν
1431 535 1491 590 τῷ

60 605 173 648 ἄστει
186 606 426 662 ληφθέντων
442 604 563 658 ὠμῶς
580 605 646 645 καὶ
666 601 950 659 ἀπανθρώπως
960 601 1286 652 ἀνασκολοπίσαι,
1310 601 1374 642 καὶ
1385 597 1486 642 ταύ-
1495 614 1566 647 501.
1584 612 1651 648 301
1679 623 1704 645 r,

60 690 113 729 τῃ
129 674 177 716 τὸ
195 673 379 723 ἀντίξουν
398 670 505 713 ἅπαν
516 672 802 724 ἓκδειματῶσαι
821 672 886 712 καὶ
906 675 1038 712 θεῖναι
1057 667 1345 726 ὖπόσπονδον),
1369 665 1493 725 ὓπερ-

61 739 212 795 αύχους
229 742 295 782 καὶ
305 737 501 787 αὐθάδεις
515 738 590 788 τὰς
608 738 833 793 ἀποκρίσεις
844 744 928 786 τοῖς
938 737 1123 792 πρέσβεσι
1137 734 1343 789 Ῥωμαίων
1360 736 1494 792 ἐξέφε-

63 821 121 864 ρε·
139 840 154 860 ,
158 826 230 862 ,μη
240 807 317 862 γὰρ
331 806 551 863 ἀφίξεσθαι
563 810 636 859 τῆς
647 803 798 861 χώρας,
811 803 1190 857 εὗδαᾲιονοςουσης,
1208 805 1242 846 εἰ
1251 803 1308 857 μὴ
1322 804 1383 844 ἐπὶ
1390 820 1495 859 χρη-

0 873 202 940 μομάτων
222 872 531 917 πολυταλάντων
549 876 779 928 καταβολῇ,
811 874 876 914 καὶ
896 869 1165 925 ἀπεμπολήσει
1181 875 1263 914 τῶν
1281 887 1323 912 τε
1342 869 1495 913 πόλεων
1507 879 1538 914 C

0 947 1 1008 ᾗ
64 960 130 985 και
146 946 228 985 τῶν
243 939 567 997 ἀνδραπόδων,”
546 956 622 983 οσα
642 944 700 982 τῶ
718 940 928 993 πολεμεῖν
910 955 1188 993 επεκτησαντο.
1227 939 1261 980 εἰ
1278 937 1314 979 δ’
1328 936 1376 980 οὗ
1394 936 1497 991 βού-

65 1013 209 1051 λεσθαι
222 1007 444 1062 ΗΡωμαιους
460 1013 591 1050 ταῦτα
612 1011 875 1061 καταβαλεῖν,
908 1007 1010 1048 ἀλλὰ
1032 1011 1105 1060 τῆς
1123 1004 1322 1062 Εὐρώπης
1338 1009 1497 1047 θᾶττον

65 1076 345 1132 ἀφίστασθαι,
382 1074 437 1124 ὥς
463 1076 518 1128 μὴ
551 1073 831 1130 προσηκούσνς
858 1074 1008 1125 αυτοῖς,
1046 1076 1111 1115 καὶ
1141 1074 1242 1128 πρὸς
1260 1074 1334 1127 τὴν
1358 1072 1498 1115 Ἀσίαν

64 1142 428 1198 μετασκευάζεσθαι
440 1156 450 1165 ·
472 1142 602 1190 ἄλλως
618 1142 694 1196 γὰρ
713 1142 769 1195 μὴ
785 1142 956 1193 οἴεσθαι,
980 1140 1282 1197 Ταυροσκύθας
1299 1142 1353 1189 εἷς
1371 1156 1497 1182 σπον-

11 1219 56 1253 15
68 1212 143 1260 δὰς
165 1209 371 1264 Ῥωμαίων
392 1208 714 1263 ξυμβήσεσθαιΡ
761 1207 948 1262 Ἰωάννης
980 1209 1023 1250 δὲ
1053 1206 1074 1250 ὃ
1103 1206 1387 1263 αὐτοκράτωρ,
1423 1207 1500 1256 τὰς

66 1276 259 1327 τοιαύτας
276 1277 502 1331 ἀποκρίσεις
519 1280 592 1317 τοῦ
604 1274 779 1319 Σκύθου
797 1274 1019 1329 δεξάμενος,
1052 1277 1119 1317 καὶ
1146 1271 1269 1324 αὖθις
1293 1282 1379 1323 τοῖς
1397 1291 1500 1330 προ-

68 1345 379 1399 απεσταλμένοις
398 1344 603 1397 ἀμείβεται
622 1341 719 1384 τάδε
735 1356 746 1366 ·
777 1375 791 1395 ,
796 1343 886 1397 ,τὴν
908 1344 951 1384 ἐκ
969 1342 1152 1398 πατέρων
1171 1343 1211 1391 ἔς
1227 1340 1335 1396 ἡμᾶς
1354 1344 1501 1394 διαβᾶ-

69 1429 148 1455 σαν
166 1410 324 1467 εἰρήνην
343 1409 555 1465 ἀλῶβητον
570 1409 675 1452 καθ’
696 1409 746 1464 ἣν
767 1410 870 1458 Θεὸς
883 1410 1139 1463 ἐμεσίτευσεν,
1164 1409 1211 1452 οὗ
1232 1411 1311 1451 δεῖν
1328 1407 1503 1461 οῗόμεθα

68 1478 174 1523 λύειν
192 1479 312 1522 αὐτοί
319 1492 329 1502 ·
365 1477 434 1520 ἅτε
453 1477 644 1533 πρόνοιαν
672 1475 770 1519 εἶναι
791 1475 1040 1525 πιστεύοντες
1059 1477 1133 1531 τὴν
1159 1477 1207 1518 τὸ
1230 1481 1310 1518 πᾶν
1331 1474 1537 1523 διευθύ-Ῑ)

11 1553 232 1599 ωνουσαν,
253 1548 320 1589 καὶ
337 1545 390 1588 τὰ
406 1548 664 1601 Χριστιανῶν
682 1542 965 1601 πρεσβεύοντες
982 1543 1118 1598 ἔθιμα.
1157 1544 1225 1586 διὰ
1245 1548 1373 1585 ταῦτα
1393 1545 1503 1597 εἰση-

68 1612 253 1670 γούμεθά
278 1630 322 1656 τε
343 1611 437 1667 ύμῖν
458 1611 512 1662 ὥς
530 1614 684 1668 φίλοις,
722 1614 787 1654 καὶ
808 1610 1132 1666 συμβουλεύομεν
1140 1644 1154 1663 ,
1192 1612 1359 1665 ἐξαυτῆς
1381 1610 1503 1652 ἀπαί-

72 1698 152 1738 ρειν
170 1686 244 1735 τῆς
267 1680 393 1734 μηδέν
420 1696 459 1721 τι
481 1678 762 1735 προσηκούσης
785 1678 922 1734 χώρας
948 1677 1063 1732 ύμῖν,
1101 1680 1166 1720 καὶ
1184 1679 1240 1732 μὴ
1265 1679 1499 1731 διαμέλλειν,

70 1748 173 1802 μηδ’
196 1746 467 1798 ἀναδύεσθαι,
505 1745 675 1797 εἰδότας,
713 1745 767 1795 ὥς
789 1748 822 1787 εἶ
840 1747 897 1799 μὴ
918 1750 1171 1794 καταπειθεῖς
1188 1744 1316 1801 ταύτῃ
1335 1750 1386 1801 τῇ
1408 1744 1503 1799 ὄνη-

73 1813 230 1874 σιφόρω
259 1817 465 1870 ξυμβουλῇ
494 1813 702 1868 γένοισθε,
748 1813 822 1867 οὐχ
848 1811 977 1867 ἡμᾶς,
1016 1811 1164 1861 αὖτοὺς
1193 1814 1260 1865 δὲ,
1296 1810 1403 1855 λύειν
1428 1812 1504 1862 τὰς

164 1923 218 1957 10.
242 1920 533 1975 Sphendoslabus‚
574 1921 756 1965 Bulgarica
785 1919 930 1954 victoria
958 1921 1084 1961 elatus,
1120 1923 1156 1953 et
1185 1920 1331 1953 barbam
1361 1919 1503 1953 audacia

129 1978 211 1999 ‹rnos
238 1966 375 2011 spiritus
403 1978 532 1999 sumens
557 1951 660 2010 (ἰιιιιιὗ
667 1967 753 1999 enim
772 1966 865 1999 firme
882 1965 1051 2009 regionem
1076 1966 1252 2009 tenebat),
1274 1977 1347 1999 cum
1370 1965 1503 1998 timidos

74 2014 103 2046 B
202 2023 240 2045 os
265 2012 492 2064 attpnitosque
510 2011 613 2045 insita
626 2011 824 2044 crudelitate
840 2011 1044 2044 reddidisset
1059 2011 1170 2054 (nam,
1194 2022 1268 2044 cum
1285 2009 1505 2055 Philippopo-

74 2057 131 2090 lim
148 2056 235 2090 bello
255 2056 419 2101 cepisset,
443 2057 605 2090 hominum
622 2056 726 2090 millia
751 2055 873 2100 viginti
897 2056 932 2090 in
955 2056 1077 2100 oppido
1094 2057 1400 2100 comprehensorum
1426 2067 1505 2089 cru-

75 2101 196 2135 deliter
212 2113 303 2135 more
318 2101 463 2135 barbaro
483 2102 568 2146 palis
583 2102 751 2135 suffixisse
777 2101 918 2141 dicitur,
942 2101 1078 2145 sicque,
1100 2112 1317 2154 quoscunque
1343 2101 1386 2134 ad
1413 2100 1505 2134 illum

75 2146 163 2180 diem
177 2146 400 2187 restitissent,
422 2148 635 2180 vehementer
659 2146 855 2191 perculsos‘
845 2157 881 2178 ιιι
906 2146 1106 2180 deditionem
1129 2146 1336 2190 accepisse),
1360 2146 1506 2190 superba

76 2195 112 2224 et
129 2191 269 2224 audacia
283 2203 445 2235 responsa
458 2192 580 2235 legatis
595 2193 814 2225 Romanorum
840 2191 953 2224 dedit·
976 2192 1180 2236 „Nunquam
1196 2193 1290 2230 sore,
1311 2195 1350 2224 ut
1367 2191 1506 2235 regione

78 2235 182 2269 fertili
201 2247 238 2268 se
253 2237 451 2277 abstineret,
473 2237 537 2270 nisi
554 2243 629 2281 post
644 2237 782 2280 grandis
800 2237 960 2280 pecuniae
978 2237 1180 2281 pensionem,
1202 2237 1359 2280 factaque
1374 2236 1506 2269 redem-

77 2280 168 2313 tione
186 2280 380 2324 oppidorum
402 2287 436 2315 et
454 2282 680 2326 captivorum,
702 2286 867 2334 quotquot
882 2281 969 2314 bello
989 2282 1168 2334 cepissent.
1215 2282 1326 2322 Quam
1349 2281 1380 2314 si
1404 2291 1506 2325 pecu-

79 2325 164 2358 niam
183 2325 323 2358 Romani
342 2326 487 2369 pendere
503 2327 648 2367 nollent,
670 2328 749 2371 quin
768 2326 970 2360 decederent
999 2326 1089 2360 illico
1114 2339 1156 2360 ex
1172 2327 1330 2371 Europa,
1353 2326 1388 2358 in
1411 2336 1508 2370 quam

78 2370 130 2403 ius
149 2370 311 2403 habereut
327 2370 468 2411 nullum,
490 2372 525 2404 in
544 2373 656 2406 ASIam
686 2372 885 2405 transirent·
910 2383 975 2405 non
1003 2372 1101 2406 aliter
1127 2385 1201 2406 sese
1220 2380 1359 2416 putare,
1383 2372 1510 2404 Russos

79 2426 152 2448 cum
166 2414 324 2447 Romanis
342 2427 455 2459 pacem
471 2418 630 2450 facturos.
632 2416 653 2431 ”
687 2418 829 2450 Ioannes
844 2417 1016 2461 Augustus
1032 2417 1090 2450 ubi
1107 2429 1128 2451 a
1144 2418 1280 2469 Scytha
1291 2417 1354 2449 hoc
1370 2425 1508 2458 respon-

79 2471 150 2493 sum
174 2458 322 2499 tulerat,
348 2471 410 2504 per
436 2461 590 2494 remissos
618 2462 748 2505 legatos
774 2462 858 2494 haec
884 2462 1078 2495 renunciat:
1101 2464 1246 2503 „Pacem
1270 2461 1335 2494 iam
1357 2471 1463 2503 usque
1489 2469 1510 2492 a

80 2510 211 2583 gam
228 2509 386 2556 tempore
396 2505 439 2537 ad
466 2517 527 2538 nos
551 2507 764 2550 perductam,
788 2518 952 2551 quamque
980 2507 1208 2541 inconcussam
1232 2507 1423 2539 interventu
1449 2514 1509 2536 suo

113 2560 173 2582 eus
193 2549 426 2589 conservavit,
449 2550 582 2584 minime
596 2563 617 2584 a
635 2552 730 2585 nobis
756 2552 957 2585 arbitramur
985 2552 1122 2585 dissolvi
1151 2553 1296 2585 debere:
1321 2548 1411 2593 quod
1435 2560 1510 2581 cre-

81 2594 191 2628 dimus
223 2594 465 2639 providentiam
497 2606 572 2628 esse
597 2601 717 2629 cuncta
746 2596 1049 2637 administrantem,
1073 2597 1226 2641 quodque
1245 2594 1511 2627 Christianorum

82 2643 210 2691 statuta
225 2640 429 2684 profitemur.
479 2640 592 2679 Quare
609 2641 781 2674 suademus
799 2642 898 2675 xobis
924 2646 962 2674 ut
977 2642 1110 2681 amicis,
1134 2647 1169 2674 et
1184 2642 1372 2678 hortamur,
1396 2650 1416 2671 e
1431 2649 1511 2682 pro-

84 2683 192 2718 vincia
214 2685 404 2729 neutiquam
424 2684 467 2717 ad
485 2696 545 2717 vos
568 2686 758 2728 pertinente
782 2686 893 2720 statim
919 2687 1069 2726 abeatis,
1093 2686 1165 2718 sine
1190 2685 1257 2717 uUa
1271 2694 1364 2717 mora
1381 2689 1439 2716 aut
1454 2695 1510 2716 re-

85 2728 281 2770 cusatione,
313 2729 600 2782 persuasissimum
627 2730 808 2771 habentes,
840 2732 979 2764 salutari
1008 2711 1087 2764 huic
1109 2729 1246 2764 consilio
1269 2729 1298 2761 si
1322 2728 1428 2761 minus
1450 2740 1512 2761 vos

86 2774 308 2819 obsequentes
324 2774 564 2816 exhibueritis,
586 2786 652 2809 non
671 2786 750 2817 nos,
773 2776 832 2810 sed
857 2776 1098 2821 vosmetipsos,
1121 2775 1258 2810 turbare
1284 2785 1398 2820 pacem
1422 2773 1511 2808 anti-
