<?xml version="1.0" encoding="UTF-8"?>
<!DOCTYPE html PUBLIC "-//W3C//DTD XHTML 1.0 Transitional//EN"
    "http://www.w3.org/TR/xhtml1/DTD/xhtml1-transitional.dtd">
<html xmlns="http://www.w3.org/1999/xhtml" xml:lang="en" lang="en">
 <head>
  <title>
</title>
<meta http-equiv="Content-Type" content="text/html;charset=utf-8" />
  <meta name='ocr-system' content='tesseract 3.04.00' />
  <meta name='ocr-capabilities' content='ocr_page ocr_carea ocr_par ocr_line ocrx_word'/>
</head>
<body>
  <div class='ocr_page' id='page_1' title='image "./corpusscriptorum33niebuoft_0462.png"; bbox 0 0 1748 3094; ppageno 0'>
   <div class='ocr_carea' id='block_1_1' title="bbox 267 143 1260 198">
    <p class='ocr_par' dir='ltr' id='par_1_1' title="bbox 267 143 1260 198">
     <span class='ocr_line' id='line_1_1' title="bbox 267 143 1260 198; baseline 0.002 -7"><span class='ocrx_word' id='word_1_1' title='bbox 267 143 367 197; x_wconf 81' lang='grc'><strong>418,</strong></span> <span class='ocrx_word' id='word_1_2' title='bbox 638 195 641 198; x_wconf 80' lang='grc'><strong>,</strong></span> <span class='ocrx_word' id='word_1_3' title='bbox 718 149 767 192; x_wconf 90' lang='lat' dir='ltr'><strong><em>C.</em></strong></span> <span class='ocrx_word' id='word_1_4' title='bbox 795 150 845 193; x_wconf 89' lang='lat' dir='ltr'><strong><em>B.</em></strong></span> <span class='ocrx_word' id='word_1_5' title='bbox 877 148 1031 193; x_wconf 83' lang='lat' dir='ltr'><strong>HASII</strong></span> <span class='ocrx_word' id='word_1_6' title='bbox 1054 148 1260 194; x_wconf 80' lang='lat' dir='ltr'><strong>NOTAE</strong></span> 
     </span>
    </p>
   </div>
   <div class='ocr_carea' id='block_1_2' title="bbox 111 249 1739 2259">
    <p class='ocr_par' dir='ltr' id='par_1_2' title="bbox 111 249 1739 2259">
     <span class='ocr_line' id='line_1_2' title="bbox 266 249 1720 310; baseline -0.001 -16"><span class='ocrx_word' id='word_1_7' title='bbox 266 254 424 294; x_wconf 80' lang='lat' dir='ltr'><strong>laudem</strong></span> <span class='ocrx_word' id='word_1_8' title='bbox 439 252 571 295; x_wconf 81' lang='lat' dir='ltr'><strong>fratris</strong></span> <span class='ocrx_word' id='word_1_9' title='bbox 587 253 722 292; x_wconf 82' lang='lat' dir='ltr'>Basilii</span> <span class='ocrx_word' id='word_1_10' title='bbox 737 254 786 296; x_wconf 88' lang='grc' dir='ltr'><strong><em>Π.</em></strong></span> <span class='ocrx_word' id='word_1_11' title='bbox 801 253 897 297; x_wconf 89' lang='grc'><strong>914.</strong></span> <span class='ocrx_word' id='word_1_12' title='bbox 909 253 955 292; x_wconf 93' lang='lat' dir='ltr'><strong><em>D.</em></strong></span> <span class='ocrx_word' id='word_1_13' title='bbox 974 256 1057 294; x_wconf 76' lang='grc' dir='ltr'><strong><em>τῶν</em></strong></span> <span class='ocrx_word' id='word_1_14' title='bbox 1077 249 1165 295; x_wconf 78' lang='grc' dir='ltr'><strong><em>ἐν’</em></strong></span> <span class='ocrx_word' id='word_1_15' title='bbox 1137 268 1259 310; x_wconf 72' lang='grc' dir='ltr'><strong><em>αρετῃ</em></strong></span> <span class='ocrx_word' id='word_1_16' title='bbox 1279 249 1604 307; x_wconf 76' lang='grc' dir='ltr'><strong><em>προωδευκότων.</em></strong></span> <span class='ocrx_word' id='word_1_17' title='bbox 1636 253 1720 294; x_wconf 81' lang='lat' dir='ltr'><strong><em>Nu-</em></strong></span> 
     </span>
     <span class='ocr_line' id='line_1_3' title="bbox 267 308 1723 380; baseline 0.001 -30"><span class='ocrx_word' id='word_1_18' title='bbox 267 325 377 350; x_wconf 85' lang='lat' dir='ltr'><strong>mero</strong></span> <span class='ocrx_word' id='word_1_19' title='bbox 393 310 582 361; x_wconf 79' lang='lat' dir='ltr'>singulari</span> <span class='ocrx_word' id='word_1_20' title='bbox 598 311 787 349; x_wconf 85' lang='lat' dir='ltr'><strong>Eusebius</strong></span> <span class='ocrx_word' id='word_1_21' title='bbox 799 311 1059 351; x_wconf 71' lang='lat' dir='ltr'><strong>Demonstrat.</strong></span> <span class='ocrx_word' id='word_1_22' title='bbox 1085 311 1232 361; x_wconf 82' lang='lat' dir='ltr'><strong>Evang.</strong></span> <span class='ocrx_word' id='word_1_23' title='bbox 1255 312 1349 353; x_wconf 88' lang='lat'>187.</span> <span class='ocrx_word' id='word_1_24' title='bbox 1368 310 1416 351; x_wconf 91' lang='lat' dir='ltr'><strong><em>D.</em></strong></span> <span class='ocrx_word' id='word_1_25' title='bbox 1421 308 1723 380; x_wconf 78' lang='grc' dir='ltr'><strong><em>τονπροωδευ·</em></strong></span> 
     </span>
     <span class='ocr_line' id='line_1_4' title="bbox 267 364 1722 420; baseline -0.001 -12"><span class='ocrx_word' id='word_1_26' title='bbox 267 364 362 408; x_wconf 79' lang='grc' dir='ltr'><strong><em>κότα</em></strong></span> <span class='ocrx_word' id='word_1_27' title='bbox 392 370 466 408; x_wconf 83' lang='grc' dir='ltr'><strong><em>τοῦ</em></strong></span> <span class='ocrx_word' id='word_1_28' title='bbox 494 369 679 418; x_wconf 80' lang='grc' dir='ltr'><strong><em>Χριστοῦ.</em></strong></span> <span class='ocrx_word' id='word_1_29' title='bbox 737 366 994 419; x_wconf 82' lang='lat' dir='ltr'><strong>Partieipium</strong></span> <span class='ocrx_word' id='word_1_30' title='bbox 1021 367 1119 419; x_wconf 86' lang='lat' dir='ltr'><strong>perf.</strong></span> <span class='ocrx_word' id='word_1_31' title='bbox 1148 379 1253 418; x_wconf 66' lang='lat' dir='ltr'><strong>pass.</strong></span> <span class='ocrx_word' id='word_1_32' title='bbox 1268 365 1427 406; x_wconf 80' lang='lat' dir='ltr'>ibidem</span> <span class='ocrx_word' id='word_1_33' title='bbox 1438 368 1532 410; x_wconf 79' lang='lat'><strong>1-25.</strong></span> <span class='ocrx_word' id='word_1_34' title='bbox 1556 368 1600 406; x_wconf 89' lang='lat' dir='ltr'><strong><em>B.</em></strong></span> <span class='ocrx_word' id='word_1_35' title='bbox 1622 364 1722 420; x_wconf 70' lang='grc' dir='ltr'><strong><em>πρὸς</em></strong></span> 
     </span>
     <span class='ocr_line' id='line_1_5' title="bbox 268 422 1722 490; baseline -0.001 -26"><span class='ocrx_word' id='word_1_36' title='bbox 268 439 317 464; x_wconf 91' lang='grc' dir='ltr'><strong><em>τα</em></strong></span> <span class='ocrx_word' id='word_1_37' title='bbox 334 422 626 490; x_wconf 81' lang='grc' dir='ltr'><strong><em>προωὸενμὲνα,</em></strong></span> <span class='ocrx_word' id='word_1_38' title='bbox 640 422 700 460; x_wconf 77' lang='lat' dir='ltr'><strong><em>ad</em></strong></span> <span class='ocrx_word' id='word_1_39' title='bbox 710 436 758 460; x_wconf 86' lang='lat' dir='ltr'><strong><em>ea</em></strong></span> <span class='ocrx_word' id='word_1_40' title='bbox 779 437 882 475; x_wconf 79' lang='lat' dir='ltr'><em>quae</em></span> <span class='ocrx_word' id='word_1_41' title='bbox 900 430 1200 463; x_wconf 68' lang='lat' dir='ltr'><strong><em>antecesserunt.</em></strong></span> <span class='ocrx_word' id='word_1_42' title='bbox 1225 422 1335 461; x_wconf 79' lang='lat' dir='ltr'><strong>Alias</strong></span> <span class='ocrx_word' id='word_1_43' title='bbox 1344 423 1423 462; x_wconf 75' lang='lat' dir='ltr'><strong><em>Leo</em></strong></span> <span class='ocrx_word' id='word_1_44' title='bbox 1443 424 1582 465; x_wconf 77' lang='lat' dir='ltr'><strong>eodem</strong></span> <span class='ocrx_word' id='word_1_45' title='bbox 1603 436 1722 462; x_wconf 79' lang='lat' dir='ltr'><strong>sensu</strong></span> 
     </span>
     <span class='ocr_line' id='line_1_6' title="bbox 228 476 1664 549; baseline -0.001 -31"><span class='ocrx_word' id='word_1_46' title='bbox 228 500 237 504; x_wconf 44' lang='grc' dir='ltr'>ν</span> <span class='ocrx_word' id='word_1_47' title='bbox 270 479 336 519; x_wconf 82' lang='lat' dir='ltr'><strong><em>ait</em></strong></span> <span class='ocrx_word' id='word_1_48' title='bbox 355 476 656 532; x_wconf 84' lang='grc' dir='ltr'><strong><em>προπορεύομαι</em></strong></span> <span class='ocrx_word' id='word_1_49' title='bbox 682 479 720 521; x_wconf 88' lang='grc'><strong><em>4.</em></strong></span> <span class='ocrx_word' id='word_1_50' title='bbox 741 480 787 517; x_wconf 89' lang='lat' dir='ltr'><strong><em>A.</em></strong></span> <span class='ocrx_word' id='word_1_51' title='bbox 808 483 875 522; x_wconf 87' lang='lat'><strong><em>79.</em></strong></span> <span class='ocrx_word' id='word_1_52' title='bbox 892 481 934 518; x_wconf 91' lang='grc' dir='ltr'><strong><em>Β.</em></strong></span> <span class='ocrx_word' id='word_1_53' title='bbox 951 483 1018 522; x_wconf 87' lang='grc'><strong><em>81.</em></strong></span> <span class='ocrx_word' id='word_1_54' title='bbox 1042 480 1087 518; x_wconf 94' lang='lat' dir='ltr'><strong><em>D.</em></strong></span> <span class='ocrx_word' id='word_1_55' title='bbox 1104 481 1173 523; x_wconf 85' lang='lat'><strong><em>95.</em></strong></span> <span class='ocrx_word' id='word_1_56' title='bbox 1197 479 1243 518; x_wconf 86' lang='lat' dir='ltr'><strong><em>D.</em></strong></span> <span class='ocrx_word' id='word_1_57' title='bbox 1261 481 1512 549; x_wconf 78' lang='grc' dir='ltr'><strong><em>προηγοῦμαι</em></strong></span> <span class='ocrx_word' id='word_1_58' title='bbox 1529 479 1599 522; x_wconf 88' lang='grc'><strong><em>95.</em></strong></span> <span class='ocrx_word' id='word_1_59' title='bbox 1618 480 1664 521; x_wconf 91' lang='grc' dir='ltr'><strong>Β.</strong></span> 
     </span>
     <span class='ocr_line' id='line_1_7' title="bbox 385 530 1722 589; baseline 0 -13"><span class='ocrx_word' id='word_1_60' title='bbox 385 539 481 587; x_wconf 81' lang='lat' dir='ltr'><strong>Pag.</strong></span> <span class='ocrx_word' id='word_1_61' title='bbox 510 536 577 578; x_wconf 84' lang='lat'><strong>24.</strong></span> <span class='ocrx_word' id='word_1_62' title='bbox 607 536 678 574; x_wconf 80' lang='lat' dir='ltr'><strong><em>lin.</em></strong></span> <span class='ocrx_word' id='word_1_63' title='bbox 705 539 747 577; x_wconf 88' lang='grc'><strong>6.</strong></span> <span class='ocrx_word' id='word_1_64' title='bbox 774 530 873 575; x_wconf 73' lang='grc' dir='ltr'><strong><em>Ἀλλ’</em></strong></span> <span class='ocrx_word' id='word_1_65' title='bbox 894 551 998 576; x_wconf 87' lang='grc' dir='ltr'><strong><em>ουτω</em></strong></span> <span class='ocrx_word' id='word_1_66' title='bbox 1012 534 1084 588; x_wconf 81' lang='grc' dir='ltr'><strong><em>μὲν</em></strong></span> <span class='ocrx_word' id='word_1_67' title='bbox 1101 534 1123 578; x_wconf 81' lang='grc' dir='ltr'>ὁ</span> <span class='ocrx_word' id='word_1_68' title='bbox 1141 533 1478 589; x_wconf 75' lang='grc' dir='ltr'><strong><em>στρατηγοςΛέων</em></strong></span> <span class='ocrx_word' id='word_1_69' title='bbox 1498 533 1573 588; x_wconf 72' lang='grc' dir='ltr'><strong><em>τήν</em></strong></span> <span class='ocrx_word' id='word_1_70' title='bbox 1587 531 1722 576; x_wconf 82' lang='grc' dir='ltr'><strong><em>Ἀσίαν</em></strong></span> 
     </span>
     <span class='ocr_line' id='line_1_8' title="bbox 271 590 1719 644; baseline -0.003 -10"><span class='ocrx_word' id='word_1_71' title='bbox 271 591 413 644; x_wconf 66' lang='grc' dir='ltr'><strong><em>ἔσωσε]</em></strong></span> <span class='ocrx_word' id='word_1_72' title='bbox 445 592 572 629; x_wconf 84' lang='lat' dir='ltr'><strong>Huius</strong></span> <span class='ocrx_word' id='word_1_73' title='bbox 610 592 750 644; x_wconf 77' lang='lat' dir='ltr'>praelii</span> <span class='ocrx_word' id='word_1_74' title='bbox 784 592 1048 630; x_wconf 85' lang='lat' dir='ltr'><strong>meminerunt</strong></span> <span class='ocrx_word' id='word_1_75' title='bbox 1075 599 1114 630; x_wconf 81' lang='lat' dir='ltr'><strong><em>et</em></strong></span> <span class='ocrx_word' id='word_1_76' title='bbox 1141 591 1354 644; x_wconf 82' lang='lat' dir='ltr'><strong>Nicephor.</strong></span> <span class='ocrx_word' id='word_1_77' title='bbox 1395 590 1542 630; x_wconf 81' lang='lat' dir='ltr'><strong>Phocas</strong></span> <span class='ocrx_word' id='word_1_78' title='bbox 1569 591 1719 632; x_wconf 82' lang='lat' dir='ltr'><strong>Tactic.</strong></span> 
     </span>
     <span class='ocr_line' id='line_1_9' title="bbox 271 648 1721 700; baseline -0.001 -12"><span class='ocrx_word' id='word_1_79' title='bbox 271 650 504 700; x_wconf 73' lang='lat' dir='ltr'><strong>supr.123</strong></span> <span class='ocrx_word' id='word_1_80' title='bbox 533 648 597 696; x_wconf 88' lang='lat' dir='ltr'><strong>B.‚</strong></span> <span class='ocrx_word' id='word_1_81' title='bbox 627 654 666 686; x_wconf 88' lang='lat' dir='ltr'><strong><em>et</em></strong></span> <span class='ocrx_word' id='word_1_82' title='bbox 681 649 874 699; x_wconf 85' lang='lat' dir='ltr'><strong>Anonym.</strong></span> <span class='ocrx_word' id='word_1_83' title='bbox 893 649 1031 690; x_wconf 84' lang='lat' dir='ltr'><strong>inedit.</strong></span> <span class='ocrx_word' id='word_1_84' title='bbox 1050 651 1106 698; x_wconf 84' lang='lat'><strong><em>*)‚</em></strong></span> <span class='ocrx_word' id='word_1_85' title='bbox 1127 662 1242 700; x_wconf 82' lang='lat' dir='ltr'>quem</span> <span class='ocrx_word' id='word_1_86' title='bbox 1263 648 1339 687; x_wconf 89' lang='lat' dir='ltr'><strong>Iul.</strong></span> <span class='ocrx_word' id='word_1_87' title='bbox 1358 648 1560 687; x_wconf 83' lang='lat' dir='ltr'>Pollucem</span> <span class='ocrx_word' id='word_1_88' title='bbox 1581 648 1721 686; x_wconf 83' lang='lat' dir='ltr'><strong>dicunt</strong></span> 
     </span>
     <span class='ocr_line' id='line_1_10' title="bbox 264 702 1721 758; baseline 0.001 -14"><span class='ocrx_word' id='word_1_89' title='bbox 264 705 378 755; x_wconf 84' lang='lat' dir='ltr'><strong>(vid.</strong></span> <span class='ocrx_word' id='word_1_90' title='bbox 407 718 496 755; x_wconf 85' lang='lat' dir='ltr'><strong>sup.</strong></span> <span class='ocrx_word' id='word_1_91' title='bbox 530 707 622 746; x_wconf 86' lang='lat'><strong>197.</strong></span> <span class='ocrx_word' id='word_1_92' title='bbox 651 705 719 751; x_wconf 86' lang='lat' dir='ltr'><strong><em>B.)</em></strong></span> <span class='ocrx_word' id='word_1_93' title='bbox 751 704 793 741; x_wconf 88' lang='lat' dir='ltr'><strong><em>in</em></strong></span> <span class='ocrx_word' id='word_1_94' title='bbox 811 704 920 742; x_wconf 89' lang='lat' dir='ltr'><strong>hunc</strong></span> <span class='ocrx_word' id='word_1_95' title='bbox 940 705 1117 742; x_wconf 89' lang='lat' dir='ltr'><strong>modum:</strong></span> <span class='ocrx_word' id='word_1_96' title='bbox 1146 704 1189 744; x_wconf 90' lang='grc' dir='ltr'><em>Ὁ</em></span> <span class='ocrx_word' id='word_1_97' title='bbox 1208 702 1252 744; x_wconf 80' lang='grc' dir='ltr'><strong><em>δὲ</em></strong></span> <span class='ocrx_word' id='word_1_98' title='bbox 1278 706 1484 758; x_wconf 80' lang='grc' dir='ltr'><strong><em>πατρίκιος</em></strong></span> <span class='ocrx_word' id='word_1_99' title='bbox 1501 703 1621 744; x_wconf 88' lang='grc' dir='ltr'><strong><em>Λέων</em></strong></span> <span class='ocrx_word' id='word_1_100' title='bbox 1651 703 1721 745; x_wconf 79' lang='grc' dir='ltr'><strong><em>καὶ</em></strong></span> 
     </span>
     <span class='ocr_line' id='line_1_11' title="bbox 111 756 1721 829; baseline 0 -28"><span class='ocrx_word' id='word_1_101' title='bbox 111 759 152 793; x_wconf 85' lang='grc' dir='ltr'><strong><em>Ρ·</em></strong></span> <span class='ocrx_word' id='word_1_102' title='bbox 175 758 245 795; x_wconf 73' lang='lat'><strong><em>200</em></strong></span> <span class='ocrx_word' id='word_1_103' title='bbox 266 760 508 813; x_wconf 82' lang='grc' dir='ltr'><strong><em>Δομέστικος</em></strong></span> <span class='ocrx_word' id='word_1_104' title='bbox 539 763 612 811; x_wconf 81' lang='grc' dir='ltr'><strong><em>τῆς</em></strong></span> <span class='ocrx_word' id='word_1_105' title='bbox 648 757 816 809; x_wconf 66' lang='grc' dir='ltr'><strong><em>δύσεως,</em></strong></span> <span class='ocrx_word' id='word_1_106' title='bbox 857 759 878 800; x_wconf 84' lang='grc' dir='ltr'><strong><em>ὁ</em></strong></span> <span class='ocrx_word' id='word_1_107' title='bbox 909 756 1077 812; x_wconf 68' lang='grc' dir='ltr'><strong><em>ἀδελφὸς</em></strong></span> <span class='ocrx_word' id='word_1_108' title='bbox 1103 763 1177 801; x_wconf 78' lang='grc' dir='ltr'><strong><em>τοῦ</em></strong></span> <span class='ocrx_word' id='word_1_109' title='bbox 1203 761 1431 829; x_wconf 82' lang='grc' dir='ltr'><strong><em>μαγίστρου</em></strong></span> <span class='ocrx_word' id='word_1_110' title='bbox 1462 756 1721 815; x_wconf 80' lang='grc' dir='ltr'><strong><em>Νικηφόρον,</em></strong></span> 
     </span>
     <span class='ocr_line' id='line_1_12' title="bbox 266 813 1723 886; baseline -0.001 -28"><span class='ocrx_word' id='word_1_111' title='bbox 266 817 454 869; x_wconf 78' lang='grc' dir='ltr'><strong><em>ἐπέμφθη</em></strong></span> <span class='ocrx_word' id='word_1_112' title='bbox 495 814 603 867; x_wconf 77' lang='grc' dir='ltr'><strong><em>παρὰ</em></strong></span> <span class='ocrx_word' id='word_1_113' title='bbox 628 818 701 856; x_wconf 87' lang='grc' dir='ltr'><strong><em>τοῦ</em></strong></span> <span class='ocrx_word' id='word_1_114' title='bbox 726 814 916 868; x_wconf 86' lang='grc' dir='ltr'><strong><em>βασιλέως</em></strong></span> <span class='ocrx_word' id='word_1_115' title='bbox 946 817 1004 864; x_wconf 82' lang='grc' dir='ltr'><strong><em>εἰς</em></strong></span> <span class='ocrx_word' id='word_1_116' title='bbox 1037 832 1110 869; x_wconf 84' lang='grc' dir='ltr'><strong><em>την</em></strong></span> <span class='ocrx_word' id='word_1_117' title='bbox 1140 813 1265 870; x_wconf 59' lang='lat' dir='ltr'><strong><em>gaium,</em></strong></span> <span class='ocrx_word' id='word_1_118' title='bbox 1305 813 1639 886; x_wconf 73' lang='grc' dir='ltr'><strong><em>ἅντιπροσωπαίν</em></strong></span> <span class='ocrx_word' id='word_1_119' title='bbox 1663 818 1723 872; x_wconf 73' lang='grc' dir='ltr'><strong><em>τῷ</em></strong></span> 
     </span>
     <span class='ocr_line' id='line_1_13' title="bbox 266 858 1721 942; baseline -0.001 -28"><span class='ocrx_word' id='word_1_120' title='bbox 266 870 428 942; x_wconf 66' lang='grc' dir='ltr'><strong><em>ἀδελφῷ</em></strong></span> <span class='ocrx_word' id='word_1_121' title='bbox 455 887 600 922; x_wconf 86' lang='grc' dir='ltr'><strong><em>αυτου,</em></strong></span> <span class='ocrx_word' id='word_1_122' title='bbox 640 869 709 915; x_wconf 82' lang='grc' dir='ltr'><strong><em>δια</em></strong></span> <span class='ocrx_word' id='word_1_123' title='bbox 734 869 777 912; x_wconf 83' lang='grc' dir='ltr'><strong><em>τὸ</em></strong></span> <span class='ocrx_word' id='word_1_124' title='bbox 815 870 870 924; x_wconf 77' lang='grc' dir='ltr'><strong><em>μή</em></strong></span> <span class='ocrx_word' id='word_1_125' title='bbox 900 871 1033 925; x_wconf 76' lang='grc' dir='ltr'><strong><em>εὑρεῖν</em></strong></span> <span class='ocrx_word' id='word_1_126' title='bbox 1063 870 1129 913; x_wconf 88' lang='grc' dir='ltr'><strong><em>τὸν</em></strong></span> <span class='ocrx_word' id='word_1_127' title='bbox 1157 870 1286 913; x_wconf 73' lang='grc' dir='ltr'><strong><em>ἄθεον</em></strong></span> <span class='ocrx_word' id='word_1_128' title='bbox 1314 871 1518 942; x_wconf 77' lang='grc' dir='ltr'><strong><em>Χαμβδᾶν</em></strong></span> <span class='ocrx_word' id='word_1_129' title='bbox 1543 858 1721 913; x_wconf 84' lang='grc' dir='ltr'><strong><em>ασκέπα-</em></strong></span> 
     </span>
     <span class='ocr_line' id='line_1_14' title="bbox 267 924 1721 982; baseline -0.001 -11"><span class='ocrx_word' id='word_1_130' title='bbox 267 943 360 971; x_wconf 87' lang='grc' dir='ltr'><strong><em>στον</em></strong></span> <span class='ocrx_word' id='word_1_131' title='bbox 378 926 454 980; x_wconf 82' lang='grc' dir='ltr'><strong><em>τὴν</em></strong></span> <span class='ocrx_word' id='word_1_132' title='bbox 482 924 701 981; x_wconf 80' lang='grc' dir='ltr'><strong><em>οἷνατολην,</em></strong></span> <span class='ocrx_word' id='word_1_133' title='bbox 731 927 798 967; x_wconf 84' lang='grc' dir='ltr'><strong><em>καὶ</em></strong></span> <span class='ocrx_word' id='word_1_134' title='bbox 829 929 1065 982; x_wconf 82' lang='grc' dir='ltr'><strong><em>πραιδεῦσαι</em></strong></span> <span class='ocrx_word' id='word_1_135' title='bbox 1082 927 1151 969; x_wconf 86' lang='grc' dir='ltr'><strong><em>καὶ</em></strong></span> <span class='ocrx_word' id='word_1_136' title='bbox 1172 924 1609 980; x_wconf 76' lang='grc' dir='ltr'><strong><em>αἰχμαλωτίσαιαῦτήν.</em></strong></span> <span class='ocrx_word' id='word_1_137' title='bbox 1637 927 1721 969; x_wconf 77' lang='grc' dir='ltr'><strong><em>Καὶ</em></strong></span> 
     </span>
     <span class='ocr_line' id='line_1_15' title="bbox 267 983 1739 1054; baseline 0 -28"><span class='ocrx_word' id='word_1_138' title='bbox 267 984 319 1037; x_wconf 75' lang='grc' dir='ltr'><strong><em>δή</em></strong></span> <span class='ocrx_word' id='word_1_139' title='bbox 345 985 366 1026; x_wconf 82' lang='grc' dir='ltr'><strong><em>ὁ</em></strong></span> <span class='ocrx_word' id='word_1_140' title='bbox 396 985 602 1038; x_wconf 81' lang='grc' dir='ltr'><strong><em>πατρίκιος</em></strong></span> <span class='ocrx_word' id='word_1_141' title='bbox 630 983 750 1024; x_wconf 82' lang='grc' dir='ltr'><strong><em>Λέων</em></strong></span> <span class='ocrx_word' id='word_1_142' title='bbox 783 987 838 1039; x_wconf 76' lang='grc' dir='ltr'><strong><em>τῷ</em></strong></span> <span class='ocrx_word' id='word_1_143' title='bbox 876 986 1066 1039; x_wconf 81' lang='grc' dir='ltr'><strong><em>πατρικίῳ</em></strong></span> <span class='ocrx_word' id='word_1_144' title='bbox 1097 984 1163 1025; x_wconf 80' lang='grc' dir='ltr'><strong><em>καὶ</em></strong></span> <span class='ocrx_word' id='word_1_145' title='bbox 1202 987 1401 1054; x_wconf 79' lang='grc' dir='ltr'><strong><em>στρατηγῷ</em></strong></span> <span class='ocrx_word' id='word_1_146' title='bbox 1430 986 1739 1032; x_wconf 78' lang='grc' dir='ltr'><strong><em>Καππαδοκίας-</em></strong></span> 
     </span>
     <span class='ocr_line' id='line_1_16' title="bbox 267 1038 1721 1094; baseline 0 -12"><span class='ocrx_word' id='word_1_147' title='bbox 267 1042 461 1093; x_wconf 81' lang='grc' dir='ltr'><strong><em>Μαλεΐνῳ</em></strong></span> <span class='ocrx_word' id='word_1_148' title='bbox 497 1040 564 1080; x_wconf 82' lang='grc' dir='ltr'><strong><em>καὶ</em></strong></span> <span class='ocrx_word' id='word_1_149' title='bbox 596 1045 679 1087; x_wconf 85' lang='grc' dir='ltr'><strong><em>τοῖς</em></strong></span> <span class='ocrx_word' id='word_1_150' title='bbox 714 1044 870 1088; x_wconf 82' lang='grc' dir='ltr'><strong><em>λοιποῖς</em></strong></span> <span class='ocrx_word' id='word_1_151' title='bbox 902 1045 1131 1094; x_wconf 83' lang='grc' dir='ltr'><strong><em>στρατηγοῖς</em></strong></span> <span class='ocrx_word' id='word_1_152' title='bbox 1166 1040 1355 1091; x_wconf 81' lang='grc' dir='ltr'><strong><em>ἓνωθεὶς,</em></strong></span> <span class='ocrx_word' id='word_1_153' title='bbox 1395 1041 1463 1082; x_wconf 81' lang='grc' dir='ltr'><strong><em>καὶ</em></strong></span> <span class='ocrx_word' id='word_1_154' title='bbox 1485 1038 1629 1094; x_wconf 68' lang='grc' dir='ltr'><strong><em>μαθών</em></strong></span> <span class='ocrx_word' id='word_1_155' title='bbox 1657 1055 1721 1082; x_wconf 80' lang='grc' dir='ltr'><strong><em>οτι</em></strong></span> 
     </span>
     <span class='ocr_line' id='line_1_17' title="bbox 268 1093 1722 1165; baseline -0.001 -27"><span class='ocrx_word' id='word_1_156' title='bbox 268 1096 293 1139; x_wconf 82' lang='lat' dir='ltr'><strong><em>o‘</em></strong></span> <span class='ocrx_word' id='word_1_157' title='bbox 323 1097 520 1149; x_wconf 78' lang='grc' dir='ltr'><strong><em>Χαμβδᾶν</em></strong></span> <span class='ocrx_word' id='word_1_158' title='bbox 552 1096 696 1148; x_wconf 80' lang='grc' dir='ltr'><strong><em>ἐξῆλθε</em></strong></span> <span class='ocrx_word' id='word_1_159' title='bbox 729 1094 827 1136; x_wconf 66' lang='grc' dir='ltr'><strong><em>κατα</em></strong></span> <span class='ocrx_word' id='word_1_160' title='bbox 863 1095 1082 1165; x_wconf 80' lang='grc' dir='ltr'><strong><em>Ῥωμαίων,</em></strong></span> <span class='ocrx_word' id='word_1_161' title='bbox 1118 1093 1349 1150; x_wconf 79' lang='grc' dir='ltr'><strong><em>κουρσεύων</em></strong></span> <span class='ocrx_word' id='word_1_162' title='bbox 1381 1096 1470 1138; x_wconf 82' lang='grc' dir='ltr'><strong><em>καὶ</em></strong></span> <span class='ocrx_word' id='word_1_163' title='bbox 1481 1097 1722 1165; x_wconf 78' lang='grc' dir='ltr'><strong><em>αἰχμαλωτί-</em></strong></span> 
     </span>
     <span class='ocr_line' id='line_1_18' title="bbox 269 1149 1721 1207; baseline 0.001 -14"><span class='ocrx_word' id='word_1_164' title='bbox 269 1155 345 1202; x_wconf 80' lang='grc' dir='ltr'><strong><em>ζων</em></strong></span> <span class='ocrx_word' id='word_1_165' title='bbox 385 1150 581 1203; x_wconf 69' lang='grc' dir='ltr'><strong><em>ἀφειδῶς,</em></strong></span> <span class='ocrx_word' id='word_1_166' title='bbox 618 1149 859 1201; x_wconf 77' lang='grc' dir='ltr'><strong><em>ἑπισυνάξας</em></strong></span> <span class='ocrx_word' id='word_1_167' title='bbox 898 1151 970 1193; x_wconf 85' lang='grc' dir='ltr'><strong><em>τὸν</em></strong></span> <span class='ocrx_word' id='word_1_168' title='bbox 1000 1151 1155 1193; x_wconf 74' lang='grc' dir='ltr'><strong><em>ἅπαντα</em></strong></span> <span class='ocrx_word' id='word_1_169' title='bbox 1194 1151 1327 1194; x_wconf 60' lang='lat' dir='ltr'><strong><em>Mdv</em></strong></span> <span class='ocrx_word' id='word_1_170' title='bbox 1335 1151 1484 1203; x_wconf 55' lang='grc' dir='ltr'><strong><em>αὑτοῦ,</em></strong></span> <span class='ocrx_word' id='word_1_171' title='bbox 1507 1150 1721 1207; x_wconf 73' lang='grc' dir='ltr'><strong><em>ἐκράτησε</em></strong></span> 
     </span>
     <span class='ocr_line' id='line_1_19' title="bbox 265 1205 1721 1276; baseline 0 -26"><span class='ocrx_word' id='word_1_172' title='bbox 265 1224 339 1261; x_wconf 86' lang='grc' dir='ltr'><strong><em>την</em></strong></span> <span class='ocrx_word' id='word_1_173' title='bbox 367 1211 604 1276; x_wconf 79' lang='grc' dir='ltr'><strong><em>κλεισοῦραν</em></strong></span> <span class='ocrx_word' id='word_1_174' title='bbox 629 1224 703 1260; x_wconf 85' lang='grc' dir='ltr'><strong><em>την</em></strong></span> <span class='ocrx_word' id='word_1_175' title='bbox 729 1205 832 1248; x_wconf 88' lang='grc' dir='ltr'><strong><em>ου’τω</em></strong></span> <span class='ocrx_word' id='word_1_176' title='bbox 863 1209 1112 1261; x_wconf 80' lang='grc' dir='ltr'><strong><em>καλουμένην</em></strong></span> <span class='ocrx_word' id='word_1_177' title='bbox 1140 1206 1382 1276; x_wconf 60' lang='lat' dir='ltr'><strong><em>thvffqov.</em></strong></span> <span class='ocrx_word' id='word_1_178' title='bbox 1421 1208 1721 1263; x_wconf 68' lang='grc' dir='ltr'><strong><em>’Τποστρέψαν-</em></strong></span> 
     </span>
     <span class='ocr_line' id='line_1_20' title="bbox 266 1261 1721 1330; baseline -0.001 -25"><span class='ocrx_word' id='word_1_179' title='bbox 266 1282 333 1313; x_wconf 87' lang='grc' dir='ltr'><strong><em>τος</em></strong></span> <span class='ocrx_word' id='word_1_180' title='bbox 370 1263 413 1304; x_wconf 79' lang='grc' dir='ltr'><strong><em>δὲ</em></strong></span> <span class='ocrx_word' id='word_1_181' title='bbox 440 1261 521 1304; x_wconf 66' lang='lat' dir='ltr'><strong><em>dmi</em></strong></span> <span class='ocrx_word' id='word_1_182' title='bbox 548 1267 620 1330; x_wconf 83' lang='grc' dir='ltr'><strong><em>τῆς</em></strong></span> <span class='ocrx_word' id='word_1_183' title='bbox 649 1265 914 1316; x_wconf 82' lang='grc' dir='ltr'><strong><em>αἰχμαλωσίας</em></strong></span> <span class='ocrx_word' id='word_1_184' title='bbox 937 1268 1013 1305; x_wconf 83' lang='grc' dir='ltr'><strong><em>τοῦ</em></strong></span> <span class='ocrx_word' id='word_1_185' title='bbox 1044 1262 1236 1313; x_wconf 66' lang='grc' dir='ltr'><strong><em>ἀλαζόνος</em></strong></span> <span class='ocrx_word' id='word_1_186' title='bbox 1267 1266 1466 1317; x_wconf 76' lang='grc' dir='ltr'><strong><em>Χαμβδᾶ,</em></strong></span> <span class='ocrx_word' id='word_1_187' title='bbox 1500 1264 1569 1305; x_wconf 77' lang='grc' dir='ltr'><strong><em>καὶ</em></strong></span> <span class='ocrx_word' id='word_1_188' title='bbox 1596 1265 1640 1305; x_wconf 78' lang='grc' dir='ltr'><strong><em>ἐν</em></strong></span> <span class='ocrx_word' id='word_1_189' title='bbox 1668 1267 1721 1321; x_wconf 80' lang='grc' dir='ltr'><strong><em>τῇ</em></strong></span> 
     </span>
     <span class='ocr_line' id='line_1_21' title="bbox 266 1316 1720 1391; baseline -0.001 -29"><span class='ocrx_word' id='word_1_190' title='bbox 266 1318 429 1390; x_wconf 80' lang='grc' dir='ltr'><strong><em>τοιαύτῃ</em></strong></span> <span class='ocrx_word' id='word_1_191' title='bbox 460 1316 670 1375; x_wconf 79' lang='grc' dir='ltr'><strong><em>κλεισούρᾳ</em></strong></span> <span class='ocrx_word' id='word_1_192' title='bbox 697 1317 970 1370; x_wconf 78' lang='grc' dir='ltr'><strong><em>εἰσελθόντος,</em></strong></span> <span class='ocrx_word' id='word_1_193' title='bbox 999 1321 1173 1388; x_wconf 84' lang='grc' dir='ltr'><strong><em>πολέμου</em></strong></span> <span class='ocrx_word' id='word_1_194' title='bbox 1199 1321 1465 1374; x_wconf 75' lang='grc' dir='ltr'><strong><em>κρατηθέντος</em></strong></span> <span class='ocrx_word' id='word_1_195' title='bbox 1482 1317 1720 1391; x_wconf 74' lang='grc' dir='ltr'><strong><em>ἡττήθησαν</em></strong></span> 
     </span>
     <span class='ocr_line' id='line_1_22' title="bbox 269 1373 1719 1446; baseline -0.001 -28"><span class='ocrx_word' id='word_1_196' title='bbox 269 1378 312 1418; x_wconf 83' lang='grc' dir='ltr'><strong><em>οἱ</em></strong></span> <span class='ocrx_word' id='word_1_197' title='bbox 329 1374 391 1430; x_wconf 58' lang='lat' dir='ltr'><strong><em>&#39;Ay</em></strong></span> <span class='ocrx_word' id='word_1_198' title='bbox 395 1377 555 1429; x_wconf 88' lang='grc' dir='ltr'><strong><em>αρηνοί·</em></strong></span> <span class='ocrx_word' id='word_1_199' title='bbox 586 1377 655 1417; x_wconf 77' lang='grc' dir='ltr'><strong><em>καὶ</em></strong></span> <span class='ocrx_word' id='word_1_200' title='bbox 674 1379 727 1428; x_wconf 76' lang='grc' dir='ltr'><strong><em>ἢν</em></strong></span> <span class='ocrx_word' id='word_1_201' title='bbox 748 1377 847 1416; x_wconf 83' lang='grc' dir='ltr'><strong><em>ἰδεῖν</em></strong></span> <span class='ocrx_word' id='word_1_202' title='bbox 869 1373 1016 1424; x_wconf 70' lang='grc' dir='ltr'><strong><em>αὐτους</em></strong></span> <span class='ocrx_word' id='word_1_203' title='bbox 1030 1373 1326 1446; x_wconf 81' lang='grc' dir='ltr'><strong><em>οἷναιρομένους,</em></strong></span> <span class='ocrx_word' id='word_1_204' title='bbox 1353 1376 1423 1416; x_wconf 73' lang='grc' dir='ltr'><strong><em>καὶ</em></strong></span> <span class='ocrx_word' id='word_1_205' title='bbox 1440 1374 1534 1423; x_wconf 65' lang='grc' dir='ltr'><strong><em>τούς</em></strong></span> <span class='ocrx_word' id='word_1_206' title='bbox 1552 1374 1719 1428; x_wconf 78' lang='grc' dir='ltr'><strong><em>νεκρους</em></strong></span> 
     </span>
     <span class='ocr_line' id='line_1_23' title="bbox 267 1429 1716 1485; baseline -0.002 -11"><span class='ocrx_word' id='word_1_207' title='bbox 267 1432 587 1483; x_wconf 84' lang='grc' dir='ltr'><strong><em>σκυλευομένους.</em></strong></span> <span class='ocrx_word' id='word_1_208' title='bbox 618 1435 786 1485; x_wconf 82' lang='grc' dir='ltr'><strong><em>Μικροῦ</em></strong></span> <span class='ocrx_word' id='word_1_209' title='bbox 799 1431 842 1472; x_wconf 77' lang='grc' dir='ltr'><strong><em>δὲ</em></strong></span> <span class='ocrx_word' id='word_1_210' title='bbox 854 1434 938 1472; x_wconf 80' lang='grc' dir='ltr'><strong><em>δεῖν</em></strong></span> <span class='ocrx_word' id='word_1_211' title='bbox 955 1432 1022 1472; x_wconf 84' lang='grc' dir='ltr'><strong><em>καὶ</em></strong></span> <span class='ocrx_word' id='word_1_212' title='bbox 1042 1429 1163 1479; x_wconf 79' lang='grc' dir='ltr'><strong><em>αυτὸς</em></strong></span> <span class='ocrx_word' id='word_1_213' title='bbox 1180 1429 1232 1472; x_wconf 75' lang='grc' dir='ltr'><strong><em>οἶν</em></strong></span> <span class='ocrx_word' id='word_1_214' title='bbox 1250 1448 1271 1473; x_wconf 93' lang='grc' dir='ltr'><strong><em>ο</em></strong></span> <span class='ocrx_word' id='word_1_215' title='bbox 1263 1431 1480 1484; x_wconf 67' lang='grc' dir='ltr'><strong><em>’Χαμβδᾶς</em></strong></span> <span class='ocrx_word' id='word_1_216' title='bbox 1498 1430 1716 1485; x_wconf 77' lang='grc' dir='ltr'><strong><em>ἐκρατήθη.</em></strong></span> 
     </span>
     <span class='ocr_line' id='line_1_24' title="bbox 267 1485 1718 1556; baseline -0.001 -27"><span class='ocrx_word' id='word_1_217' title='bbox 267 1488 409 1529; x_wconf 74' lang='grc' dir='ltr'><strong><em>Πάντα</em></strong></span> <span class='ocrx_word' id='word_1_218' title='bbox 420 1487 462 1528; x_wconf 84' lang='grc' dir='ltr'><strong><em>δὲ</em></strong></span> <span class='ocrx_word' id='word_1_219' title='bbox 474 1505 521 1528; x_wconf 84' lang='grc' dir='ltr'><strong><em>τα</em></strong></span> <span class='ocrx_word' id='word_1_220' title='bbox 541 1489 585 1529; x_wconf 76' lang='grc' dir='ltr'><strong><em>ἐν</em></strong></span> <span class='ocrx_word' id='word_1_221' title='bbox 600 1491 656 1543; x_wconf 74' lang='grc' dir='ltr'><strong><em>τῷ</em></strong></span> <span class='ocrx_word' id='word_1_222' title='bbox 669 1487 825 1542; x_wconf 87' lang='grc' dir='ltr'><strong><em>πολέμω</em></strong></span> <span class='ocrx_word' id='word_1_223' title='bbox 838 1488 1084 1540; x_wconf 83' lang='grc' dir='ltr'><strong><em>κρατηθέντα</em></strong></span> <span class='ocrx_word' id='word_1_224' title='bbox 1097 1486 1271 1555; x_wconf 82' lang='grc' dir='ltr'><strong><em>λαφυρα,</em></strong></span> <span class='ocrx_word' id='word_1_225' title='bbox 1280 1503 1375 1556; x_wconf 82' lang='grc' dir='ltr'><strong><em>μετα</em></strong></span> <span class='ocrx_word' id='word_1_226' title='bbox 1366 1485 1456 1528; x_wconf 74' lang='grc' dir='ltr'><strong><em>’καὶ</em></strong></span> <span class='ocrx_word' id='word_1_227' title='bbox 1471 1487 1554 1528; x_wconf 77' lang='grc' dir='ltr'><strong><em>τοῖν</em></strong></span> <span class='ocrx_word' id='word_1_228' title='bbox 1572 1490 1718 1543; x_wconf 79' lang='grc' dir='ltr'><strong><em>ζωγρη-</em></strong></span> 
     </span>
     <span class='ocr_line' id='line_1_25' title="bbox 265 1540 1716 1611; baseline -0.001 -26"><span class='ocrx_word' id='word_1_229' title='bbox 265 1545 420 1586; x_wconf 80' lang='grc' dir='ltr'><strong><em>θέντων</em></strong></span> <span class='ocrx_word' id='word_1_230' title='bbox 431 1541 620 1611; x_wconf 77' lang='grc' dir='ltr'><strong><em>ἆρνητῶν</em></strong></span> <span class='ocrx_word' id='word_1_231' title='bbox 636 1547 709 1584; x_wconf 86' lang='grc' dir='ltr'><strong><em>τοῦ</em></strong></span> <span class='ocrx_word' id='word_1_232' title='bbox 729 1547 904 1597; x_wconf 88' lang='grc' dir='ltr'><strong><em>Χριστου</em></strong></span> <span class='ocrx_word' id='word_1_233' title='bbox 915 1549 953 1569; x_wconf 83' lang='grc'><strong><em>**</em></strong></span> <span class='ocrx_word' id='word_1_234' title='bbox 942 1543 985 1596; x_wconf 77' lang='lat'><strong><em>),</em></strong></span> <span class='ocrx_word' id='word_1_235' title='bbox 1004 1560 1048 1584; x_wconf 91' lang='grc' dir='ltr'><strong><em>το</em></strong></span> <span class='ocrx_word' id='word_1_236' title='bbox 1068 1541 1286 1592; x_wconf 83' lang='grc' dir='ltr'><strong><em>Βυζαντιον</em></strong></span> <span class='ocrx_word' id='word_1_237' title='bbox 1306 1540 1563 1598; x_wconf 82' lang='grc' dir='ltr'><strong><em>απηνέγκατο,</em></strong></span> <span class='ocrx_word' id='word_1_238' title='bbox 1581 1544 1650 1584; x_wconf 81' lang='grc' dir='ltr'><strong><em>καὶ</em></strong></span> <span class='ocrx_word' id='word_1_239' title='bbox 1670 1544 1716 1585; x_wconf 81' lang='grc' dir='ltr'><strong><em>ἐν</em></strong></span> 
     </span>
     <span class='ocr_line' id='line_1_26' title="bbox 265 1597 1714 1657; baseline -0.002 -16"><span class='ocrx_word' id='word_1_240' title='bbox 265 1605 322 1657; x_wconf 78' lang='grc' dir='ltr'><strong><em>τῷ</em></strong></span> <span class='ocrx_word' id='word_1_241' title='bbox 346 1597 530 1656; x_wconf 77' lang='grc' dir='ltr'><strong><em>θριάμβῳ</em></strong></span> <span class='ocrx_word' id='word_1_242' title='bbox 553 1602 789 1653; x_wconf 76' lang='grc' dir='ltr'><strong><em>διεβίβασε-,ν</em></strong></span> <span class='ocrx_word' id='word_1_243' title='bbox 819 1601 964 1638; x_wconf 81' lang='lat' dir='ltr'><strong>Eadem</strong></span> <span class='ocrx_word' id='word_1_244' title='bbox 984 1601 1065 1638; x_wconf 87' lang='lat' dir='ltr'>sere</span> <span class='ocrx_word' id='word_1_245' title='bbox 1080 1601 1258 1638; x_wconf 86' lang='lat' dir='ltr'><strong>incertus</strong></span> <span class='ocrx_word' id='word_1_246' title='bbox 1268 1600 1528 1638; x_wconf 73' lang='lat' dir='ltr'><strong>continuator</strong></span> <span class='ocrx_word' id='word_1_247' title='bbox 1550 1600 1714 1652; x_wconf 79' lang='lat' dir='ltr'><strong>Scriptt.</strong></span> 
     </span>
     <span class='ocr_line' id='line_1_27' title="bbox 264 1656 1716 1710; baseline -0.001 -15"><span class='ocrx_word' id='word_1_248' title='bbox 264 1672 338 1710; x_wconf 85' lang='lat' dir='ltr'><strong><em>pos</em></strong></span> <span class='ocrx_word' id='word_1_249' title='bbox 321 1665 358 1695; x_wconf 87' lang='lat' dir='ltr'>t</span> <span class='ocrx_word' id='word_1_250' title='bbox 383 1657 609 1709; x_wconf 83' lang='lat' dir='ltr'><strong>Theophan.</strong></span> <span class='ocrx_word' id='word_1_251' title='bbox 632 1660 724 1699; x_wconf 80' lang='lat'><strong>299.</strong></span> <span class='ocrx_word' id='word_1_252' title='bbox 754 1657 798 1695; x_wconf 91' lang='lat' dir='ltr'><strong>D.</strong></span> <span class='ocrx_word' id='word_1_253' title='bbox 828 1660 922 1699; x_wconf 85' lang='lat'><strong>300.</strong></span> <span class='ocrx_word' id='word_1_254' title='bbox 954 1658 998 1694; x_wconf 89' lang='lat' dir='ltr'><strong>A.</strong></span> <span class='ocrx_word' id='word_1_255' title='bbox 1023 1657 1067 1694; x_wconf 91' lang='grc' dir='ltr'><strong><em>Β.</em></strong></span> <span class='ocrx_word' id='word_1_256' title='bbox 1090 1670 1167 1707; x_wconf 86' lang='lat' dir='ltr'><strong><em>quo</em></strong></span> <span class='ocrx_word' id='word_1_257' title='bbox 1189 1670 1256 1694; x_wconf 87' lang='lat' dir='ltr'><strong><em>eos</em></strong></span> <span class='ocrx_word' id='word_1_258' title='bbox 1277 1656 1348 1707; x_wconf 87' lang='lat' dir='ltr'><strong><em>qui</em></strong></span> <span class='ocrx_word' id='word_1_259' title='bbox 1368 1656 1504 1694; x_wconf 76' lang='lat' dir='ltr'><strong>Latina</strong></span> <span class='ocrx_word' id='word_1_260' title='bbox 1533 1656 1716 1695; x_wconf 80' lang='lat' dir='ltr'><strong>versione</strong></span> 
     </span>
     <span class='ocr_line' id='line_1_28' title="bbox 265 1708 1716 1765; baseline 0.001 -14"><span class='ocrx_word' id='word_1_261' title='bbox 265 1727 375 1764; x_wconf 78' lang='lat' dir='ltr'>aegre</span> <span class='ocrx_word' id='word_1_262' title='bbox 393 1720 550 1751; x_wconf 84' lang='lat' dir='ltr'><strong>careant</strong></span> <span class='ocrx_word' id='word_1_263' title='bbox 567 1713 724 1751; x_wconf 83' lang='lat' dir='ltr'><strong>reiicio:</strong></span> <span class='ocrx_word' id='word_1_264' title='bbox 742 1712 797 1750; x_wconf 79' lang='lat' dir='ltr'><strong><em>ibi</em></strong></span> <span class='ocrx_word' id='word_1_265' title='bbox 814 1725 947 1764; x_wconf 81' lang='lat' dir='ltr'><strong>pugna</strong></span> <span class='ocrx_word' id='word_1_266' title='bbox 964 1713 1020 1760; x_wconf 84' lang='grc' dir='ltr'><strong><em>εἰς</em></strong></span> <span class='ocrx_word' id='word_1_267' title='bbox 1031 1728 1101 1752; x_wconf 89' lang='grc' dir='ltr'><strong><em>τον</em></strong></span> <span class='ocrx_word' id='word_1_268' title='bbox 1118 1709 1243 1753; x_wconf 85' lang='grc' dir='ltr'><strong><em>τόπον</em></strong></span> <span class='ocrx_word' id='word_1_269' title='bbox 1254 1708 1487 1765; x_wconf 69' lang='grc' dir='ltr'><strong><em>Ἀνδρασσόν</em></strong></span> <span class='ocrx_word' id='word_1_270' title='bbox 1505 1709 1716 1765; x_wconf 82' lang='grc' dir='ltr'><strong><em>λεγόμενον</em></strong></span> 
     </span>
     <span class='ocr_line' id='line_1_29' title="bbox 228 1768 1715 1820; baseline -0.001 -12"><span class='ocrx_word' id='word_1_271' title='bbox 228 1769 474 1809; x_wconf 83' lang='lat' dir='ltr'><strong>Bcommissa</strong></span> <span class='ocrx_word' id='word_1_272' title='bbox 503 1769 661 1808; x_wconf 85' lang='lat' dir='ltr'><strong>dicitur.</strong></span> <span class='ocrx_word' id='word_1_273' title='bbox 720 1769 827 1806; x_wconf 84' lang='lat' dir='ltr'><strong>Idem</strong></span> <span class='ocrx_word' id='word_1_274' title='bbox 853 1782 998 1807; x_wconf 88' lang='lat' dir='ltr'><strong>nomeu</strong></span> <span class='ocrx_word' id='word_1_275' title='bbox 1025 1768 1143 1806; x_wconf 83' lang='lat' dir='ltr'><strong>habet</strong></span> <span class='ocrx_word' id='word_1_276' title='bbox 1169 1769 1343 1807; x_wconf 81' lang='lat' dir='ltr'><strong>Cedren.</strong></span> <span class='ocrx_word' id='word_1_277' title='bbox 1353 1769 1402 1807; x_wconf 82' lang='grc' dir='ltr'><strong><em>ΙΙ.</em></strong></span> <span class='ocrx_word' id='word_1_278' title='bbox 1421 1768 1515 1811; x_wconf 93' lang='grc'><strong>643.</strong></span> <span class='ocrx_word' id='word_1_279' title='bbox 1547 1768 1589 1806; x_wconf 90' lang='lat' dir='ltr'><strong><em>C.</em></strong></span> <span class='ocrx_word' id='word_1_280' title='bbox 1609 1770 1715 1820; x_wconf 79' lang='lat' dir='ltr'><strong>Scy—</strong></span> 
     </span>
     <span class='ocr_line' id='line_1_30' title="bbox 262 1822 1713 1880; baseline 0 -17"><span class='ocrx_word' id='word_1_281' title='bbox 262 1828 355 1864; x_wconf 77' lang='lat' dir='ltr'><strong>litza</strong></span> <span class='ocrx_word' id='word_1_282' title='bbox 388 1822 846 1880; x_wconf 65' lang='grc' dir='ltr'><strong>1115.Ἀδαρασσῷ.1)ο</strong></span> <span class='ocrx_word' id='word_1_283' title='bbox 877 1826 1012 1863; x_wconf 80' lang='lat' dir='ltr'><strong>eodem</strong></span> <span class='ocrx_word' id='word_1_284' title='bbox 1045 1824 1196 1878; x_wconf 84' lang='lat' dir='ltr'><strong>praelio</strong></span> <span class='ocrx_word' id='word_1_285' title='bbox 1223 1823 1538 1877; x_wconf 76' lang='lat' dir='ltr'><strong>Abulpharagius</strong></span> <span class='ocrx_word' id='word_1_286' title='bbox 1561 1824 1713 1864; x_wconf 73' lang='lat' dir='ltr'><strong>Histor.</strong></span> 
     </span>
     <span class='ocr_line' id='line_1_31' title="bbox 262 1882 893 1933; baseline 0 -14"><span class='ocrx_word' id='word_1_287' title='bbox 262 1883 418 1933; x_wconf 63' lang='lat' dir='ltr'><strong>d3nast.</strong></span> <span class='ocrx_word' id='word_1_288' title='bbox 436 1884 532 1924; x_wconf 85' lang='lat'><strong>313.</strong></span> <span class='ocrx_word' id='word_1_289' title='bbox 553 1885 599 1920; x_wconf 91' lang='lat' dir='ltr'><strong><em>A.</em></strong></span> <span class='ocrx_word' id='word_1_290' title='bbox 617 1882 707 1920; x_wconf 85' lang='lat' dir='ltr'><strong>edit.</strong></span> <span class='ocrx_word' id='word_1_291' title='bbox 726 1882 893 1921; x_wconf 87' lang='lat' dir='ltr'><strong>Pocock.</strong></span> 
     </span>
     <span class='ocr_line' id='line_1_32' title="bbox 316 1934 1712 1990; baseline -0.001 -16"><span class='ocrx_word' id='word_1_292' title='bbox 316 1934 327 1940; x_wconf 69' lang='grc'><strong>“</strong></span> <span class='ocrx_word' id='word_1_293' title='bbox 376 1937 479 1976; x_wconf 79' lang='lat' dir='ltr'><strong>lbid.</strong></span> <span class='ocrx_word' id='word_1_294' title='bbox 501 1939 570 1975; x_wconf 77' lang='lat' dir='ltr'><strong>lin.</strong></span> <span class='ocrx_word' id='word_1_295' title='bbox 592 1942 630 1980; x_wconf 88' lang='lat'><strong><em>9.</em></strong></span> <span class='ocrx_word' id='word_1_296' title='bbox 654 1938 813 1975; x_wconf 71' lang='lat' dir='ltr'><strong>Initium</strong></span> <span class='ocrx_word' id='word_1_297' title='bbox 827 1937 943 1975; x_wconf 85' lang='lat' dir='ltr'><strong>huius</strong></span> <span class='ocrx_word' id='word_1_298' title='bbox 964 1937 1102 1990; x_wconf 80' lang='lat' dir='ltr'>capitis</span> <span class='ocrx_word' id='word_1_299' title='bbox 1123 1950 1244 1988; x_wconf 87' lang='lat' dir='ltr'>usque</span> <span class='ocrx_word' id='word_1_300' title='bbox 1260 1936 1462 1975; x_wconf 77' lang='lat' dir='ltr'><strong>adverba.</strong></span> <span class='ocrx_word' id='word_1_301' title='bbox 1488 1942 1629 1973; x_wconf 72' lang='lat' dir='ltr'><strong>comta</strong></span> <span class='ocrx_word' id='word_1_302' title='bbox 1641 1949 1712 1986; x_wconf 83' lang='lat' dir='ltr'><strong><em>op-</em></strong></span> 
     </span>
     <span class='ocr_line' id='line_1_33' title="bbox 256 1991 1712 2045; baseline 0.001 -16"><span class='ocrx_word' id='word_1_303' title='bbox 256 1991 404 2044; x_wconf 82' lang='lat' dir='ltr'><em>pidum</em></span> <span class='ocrx_word' id='word_1_304' title='bbox 427 1995 703 2045; x_wconf 68' lang='lat' dir='ltr'><strong><em>proficiscitur</em></strong></span> <span class='ocrx_word' id='word_1_305' title='bbox 728 2008 750 2030; x_wconf 89' lang='lat' dir='ltr'>a</span> <span class='ocrx_word' id='word_1_306' title='bbox 773 1993 1004 2031; x_wconf 87' lang='lat' dir='ltr'><strong>Combefisio</strong></span> <span class='ocrx_word' id='word_1_307' title='bbox 1025 2007 1182 2032; x_wconf 85' lang='lat' dir='ltr'><strong>versum</strong></span> <span class='ocrx_word' id='word_1_308' title='bbox 1205 1993 1312 2044; x_wconf 84' lang='lat' dir='ltr'><strong>apud</strong></span> <span class='ocrx_word' id='word_1_309' title='bbox 1333 1993 1494 2043; x_wconf 81' lang='lat' dir='ltr'>Pagium</span> <span class='ocrx_word' id='word_1_310' title='bbox 1519 1991 1585 2031; x_wconf 82' lang='lat' dir='ltr'><strong><em>HI.</em></strong></span> <span class='ocrx_word' id='word_1_311' title='bbox 1615 1992 1712 2034; x_wconf 85' lang='lat'><strong>875.</strong></span> 
     </span>
     <span class='ocr_line' id='line_1_34' title="bbox 374 2046 1712 2102; baseline -0.001 -16"><span class='ocrx_word' id='word_1_312' title='bbox 374 2048 476 2089; x_wconf 72' lang='lat' dir='ltr'><strong>Ibid.</strong></span> <span class='ocrx_word' id='word_1_313' title='bbox 503 2049 588 2087; x_wconf 80' lang='lat' dir='ltr'><strong><em>ead</em></strong></span> <span class='ocrx_word' id='word_1_314' title='bbox 614 2050 684 2090; x_wconf 70' lang='lat' dir='ltr'><strong><em>lin.</em></strong></span> <span class='ocrx_word' id='word_1_315' title='bbox 718 2046 949 2101; x_wconf 84' lang='grc' dir='ltr'><strong><em>Νικηφόρος</em></strong></span> <span class='ocrx_word' id='word_1_316' title='bbox 967 2048 1046 2090; x_wconf 77' lang='grc' dir='ltr'><strong><em>δὲό</em></strong></span> <span class='ocrx_word' id='word_1_317' title='bbox 1067 2047 1232 2102; x_wconf 83' lang='grc' dir='ltr'><strong><em>Φωκᾶς]</em></strong></span> <span class='ocrx_word' id='word_1_318' title='bbox 1262 2048 1448 2088; x_wconf 81' lang='lat' dir='ltr'><strong>Candiam</strong></span> <span class='ocrx_word' id='word_1_319' title='bbox 1467 2047 1712 2099; x_wconf 77' lang='lat' dir='ltr'><strong>expugnavit</strong></span> 
     </span>
     <span class='ocr_line' id='line_1_35' title="bbox 259 2102 1711 2168; baseline -0.001 -27"><span class='ocrx_word' id='word_1_320' title='bbox 259 2104 519 2168; x_wconf 75' lang='lat' dir='ltr'><strong>Nicephorus</strong></span> <span class='ocrx_word' id='word_1_321' title='bbox 527 2120 560 2144; x_wconf 82' lang='lat' dir='ltr'><strong><em>a.</em></strong></span> <span class='ocrx_word' id='word_1_322' title='bbox 573 2109 666 2154; x_wconf 86' lang='lat'><strong>961,</strong></span> <span class='ocrx_word' id='word_1_323' title='bbox 687 2112 730 2143; x_wconf 86' lang='lat' dir='ltr'><strong><em>ut</em></strong></span> <span class='ocrx_word' id='word_1_324' title='bbox 747 2105 865 2144; x_wconf 84' lang='lat' dir='ltr'><strong>docet</strong></span> <span class='ocrx_word' id='word_1_325' title='bbox 881 2106 1058 2159; x_wconf 84' lang='lat' dir='ltr'><strong>Pagiusl.</strong></span> <span class='ocrx_word' id='word_1_326' title='bbox 1070 2119 1102 2142; x_wconf 90' lang='lat' dir='ltr'><strong><em>c.</em></strong></span> <span class='ocrx_word' id='word_1_327' title='bbox 1117 2105 1163 2144; x_wconf 89' lang='lat' dir='ltr'><strong><em>A.</em></strong></span> <span class='ocrx_word' id='word_1_328' title='bbox 1192 2104 1271 2142; x_wconf 91' lang='lat' dir='ltr'><strong><em>Sub</em></strong></span> <span class='ocrx_word' id='word_1_329' title='bbox 1287 2104 1394 2141; x_wconf 84' lang='lat' dir='ltr'><strong>idem</strong></span> <span class='ocrx_word' id='word_1_330' title='bbox 1407 2102 1711 2154; x_wconf 72' lang='lat' dir='ltr'>tempusBasilii</span> 
     </span>
     <span class='ocr_line' id='line_1_36' title="bbox 259 2156 1710 2214; baseline -0.001 -16"><span class='ocrx_word' id='word_1_331' title='bbox 259 2161 420 2198; x_wconf 84' lang='lat' dir='ltr'><strong>Petini</strong></span> <span class='ocrx_word' id='word_1_332' title='bbox 409 2174 452 2197; x_wconf 79' lang='grc' dir='ltr'><strong><em>ιιι</em></strong></span> <span class='ocrx_word' id='word_1_333' title='bbox 478 2163 697 2199; x_wconf 85' lang='lat' dir='ltr'><strong>Romanum</strong></span> <span class='ocrx_word' id='word_1_334' title='bbox 715 2162 814 2214; x_wconf 87' lang='lat' dir='ltr'><strong>Imp.</strong></span> <span class='ocrx_word' id='word_1_335' title='bbox 835 2156 1054 2200; x_wconf 65' lang='lat' dir='ltr'><strong>sionim-atio</strong></span> <span class='ocrx_word' id='word_1_336' title='bbox 1084 2159 1327 2213; x_wconf 75' lang='lat' dir='ltr'><strong>deprehensa</strong></span> <span class='ocrx_word' id='word_1_337' title='bbox 1352 2165 1435 2210; x_wconf 80' lang='lat' dir='ltr'><strong>est,</strong></span> <span class='ocrx_word' id='word_1_338' title='bbox 1463 2159 1512 2197; x_wconf 84' lang='lat' dir='ltr'><strong><em>de</em></strong></span> <span class='ocrx_word' id='word_1_339' title='bbox 1534 2171 1614 2210; x_wconf 78' lang='lat' dir='ltr'><strong><em>qua</em></strong></span> <span class='ocrx_word' id='word_1_340' title='bbox 1633 2159 1710 2197; x_wconf 77' lang='lat' dir='ltr'><strong><em>Co-</em></strong></span> 
     </span>
     <span class='ocr_line' id='line_1_37' title="bbox 258 2216 613 2259; baseline -0.003 -5"><span class='ocrx_word' id='word_1_341' title='bbox 258 2217 369 2255; x_wconf 86' lang='lat' dir='ltr'><strong>dren.</strong></span> <span class='ocrx_word' id='word_1_342' title='bbox 396 2216 443 2256; x_wconf 83' lang='lat'><strong>11.</strong></span> <span class='ocrx_word' id='word_1_343' title='bbox 472 2218 613 2259; x_wconf 67' lang='grc'><strong>6443</strong></span> 
     </span>
    </p>
   </div>
   <div class='ocr_carea' id='block_1_3' title="bbox 251 2270 1710 2657">
    <p class='ocr_par' dir='ltr' id='par_1_3' title="bbox 251 2270 1710 2547">
     <span class='ocr_line' id='line_1_38' title="bbox 371 2270 1710 2323; baseline -0.001 -13"><span class='ocrx_word' id='word_1_344' title='bbox 371 2271 474 2311; x_wconf 74' lang='grc' dir='ltr'><strong>Ιὸίᾱ.</strong></span> <span class='ocrx_word' id='word_1_345' title='bbox 505 2274 578 2311; x_wconf 64' lang='lat' dir='ltr'><strong>lin.</strong></span> <span class='ocrx_word' id='word_1_346' title='bbox 613 2273 676 2315; x_wconf 89' lang='grc'><strong><em>14.</em></strong></span> <span class='ocrx_word' id='word_1_347' title='bbox 705 2287 827 2312; x_wconf 64' lang='lat' dir='ltr'><strong><em>verna</em></strong></span> <span class='ocrx_word' id='word_1_348' title='bbox 849 2274 1058 2323; x_wconf 80' lang='lat' dir='ltr'><em>paulatim</em></span> <span class='ocrx_word' id='word_1_349' title='bbox 1092 2278 1318 2322; x_wconf 71' lang='lat' dir='ltr'><em>tempestate</em></span> <span class='ocrx_word' id='word_1_350' title='bbox 1345 2284 1392 2308; x_wconf 80' lang='lat' dir='ltr'><strong><em>ex</em></strong></span> <span class='ocrx_word' id='word_1_351' title='bbox 1419 2270 1586 2308; x_wconf 79' lang='lat' dir='ltr'><strong><em>hiberna</em></strong></span> <span class='ocrx_word' id='word_1_352' title='bbox 1611 2283 1710 2308; x_wconf 69' lang='lat' dir='ltr'><strong><em>mua-</em></strong></span> 
     </span>
     <span class='ocr_line' id='line_1_39' title="bbox 260 2325 1707 2379; baseline -0.001 -14"><span class='ocrx_word' id='word_1_353' title='bbox 260 2335 369 2366; x_wconf 84' lang='lat' dir='ltr'><strong><em>tante</em></strong></span> <span class='ocrx_word' id='word_1_354' title='bbox 404 2342 453 2365; x_wconf 84' lang='lat' dir='ltr'><strong><em>ac</em></strong></span> <span class='ocrx_word' id='word_1_355' title='bbox 479 2328 717 2379; x_wconf 80' lang='lat' dir='ltr'><em>apparente]</em></span> <span class='ocrx_word' id='word_1_356' title='bbox 749 2330 804 2367; x_wconf 86' lang='lat' dir='ltr'><strong><em>Ea</em></strong></span> <span class='ocrx_word' id='word_1_357' title='bbox 835 2329 981 2366; x_wconf 86' lang='lat' dir='ltr'><strong>retinui</strong></span> <span class='ocrx_word' id='word_1_358' title='bbox 1009 2341 1060 2366; x_wconf 79' lang='lat' dir='ltr'><strong><em>ex</em></strong></span> <span class='ocrx_word' id='word_1_359' title='bbox 1087 2327 1379 2366; x_wconf 65' lang='lat' dir='ltr'><strong>combefisiana&lt;</strong></span> <span class='ocrx_word' id='word_1_360' title='bbox 1392 2325 1574 2366; x_wconf 74' lang='lat' dir='ltr'><strong>versione</strong></span> <span class='ocrx_word' id='word_1_361' title='bbox 1600 2325 1707 2378; x_wconf 77' lang='lat' dir='ltr'><strong>apud</strong></span> 
     </span>
     <span class='ocr_line' id='line_1_40' title="bbox 255 2381 1706 2436; baseline -0.002 -14"><span class='ocrx_word' id='word_1_362' title='bbox 255 2384 347 2435; x_wconf 85' lang='lat' dir='ltr'>Pagi</span> <span class='ocrx_word' id='word_1_363' title='bbox 368 2384 430 2422; x_wconf 83' lang='grc' dir='ltr'><strong><em>ΠΙ.</em></strong></span> <span class='ocrx_word' id='word_1_364' title='bbox 451 2386 544 2426; x_wconf 89' lang='lat'><strong>875.</strong></span> <span class='ocrx_word' id='word_1_365' title='bbox 566 2385 607 2424; x_wconf 85' lang='lat' dir='ltr'><strong><em>B.</em></strong></span> <span class='ocrx_word' id='word_1_366' title='bbox 626 2385 695 2422; x_wconf 90' lang='lat' dir='ltr'><strong><em>sed</em></strong></span> <span class='ocrx_word' id='word_1_367' title='bbox 716 2385 803 2436; x_wconf 87' lang='lat' dir='ltr'><strong>quis</strong></span> <span class='ocrx_word' id='word_1_368' title='bbox 826 2385 952 2422; x_wconf 86' lang='lat' dir='ltr'><strong>nescit</strong></span> <span class='ocrx_word' id='word_1_369' title='bbox 971 2382 1194 2436; x_wconf 77' lang='grc' dir='ltr'><strong><em>χειμερινήν</em></strong></span> <span class='ocrx_word' id='word_1_370' title='bbox 1212 2381 1367 2435; x_wconf 74' lang='grc' dir='ltr'><strong><em>τροπήν</em></strong></span> <span class='ocrx_word' id='word_1_371' title='bbox 1388 2381 1706 2421; x_wconf 69' lang='lat' dir='ltr'><strong><em>brumamme?</em></strong></span> 
     </span>
     <span class='ocr_line' id='line_1_41' title="bbox 256 2439 1706 2491; baseline -0.003 -13"><span class='ocrx_word' id='word_1_372' title='bbox 256 2447 302 2478; x_wconf 91' lang='lat' dir='ltr'><strong><em>ut</em></strong></span> <span class='ocrx_word' id='word_1_373' title='bbox 318 2441 407 2479; x_wconf 86' lang='lat' dir='ltr'><strong>ideo</strong></span> <span class='ocrx_word' id='word_1_374' title='bbox 425 2441 475 2478; x_wconf 79' lang='lat' dir='ltr'><strong><em>ad</em></strong></span> <span class='ocrx_word' id='word_1_375' title='bbox 496 2440 659 2478; x_wconf 80' lang='lat' dir='ltr'><strong>verbum</strong></span> <span class='ocrx_word' id='word_1_376' title='bbox 679 2441 751 2479; x_wconf 87' lang='lat' dir='ltr'>sit:</span> <span class='ocrx_word' id='word_1_377' title='bbox 778 2455 899 2479; x_wconf 68' lang='lat' dir='ltr'><strong>verna</strong></span> <span class='ocrx_word' id='word_1_378' title='bbox 913 2447 1138 2491; x_wconf 73' lang='lat' dir='ltr'><em>tempestate</em></span> <span class='ocrx_word' id='word_1_379' title='bbox 1157 2453 1202 2476; x_wconf 86' lang='lat' dir='ltr'><strong><em>ex</em></strong></span> <span class='ocrx_word' id='word_1_380' title='bbox 1212 2439 1355 2477; x_wconf 79' lang='lat' dir='ltr'><strong><em>bruma</em></strong></span> <span class='ocrx_word' id='word_1_381' title='bbox 1363 2439 1574 2491; x_wconf 76' lang='lat' dir='ltr'><em>paulatim</em></span> <span class='ocrx_word' id='word_1_382' title='bbox 1585 2450 1706 2476; x_wconf 85' lang='lat' dir='ltr'><em>emer-</em></span> 
     </span>
     <span class='ocr_line' id='line_1_42' title="bbox 251 2504 378 2547; baseline 0.016 -14"><span class='ocrx_word' id='word_1_383' title='bbox 251 2504 378 2547; x_wconf 77' lang='lat' dir='ltr'><strong>gente.</strong></span> 
     </span>
    </p>

    <p class='ocr_par' dir='ltr' id='par_1_4' title="bbox 254 2547 1705 2657">
     <span class='ocr_line' id='line_1_43' title="bbox 366 2547 1704 2603; baseline -0.005 -12"><span class='ocrx_word' id='word_1_384' title='bbox 366 2550 467 2591; x_wconf 73' lang='lat' dir='ltr'><strong>Ibid.</strong></span> <span class='ocrx_word' id='word_1_385' title='bbox 497 2552 567 2592; x_wconf 82' lang='lat' dir='ltr'><strong>lin.</strong></span> <span class='ocrx_word' id='word_1_386' title='bbox 602 2554 666 2594; x_wconf 84' lang='lat'><strong>18.</strong></span> <span class='ocrx_word' id='word_1_387' title='bbox 697 2552 753 2598; x_wconf 84' lang='grc' dir='ltr'><strong><em>εἰς</em></strong></span> <span class='ocrx_word' id='word_1_388' title='bbox 769 2552 955 2591; x_wconf 86' lang='grc' dir='ltr'><strong><em>πλαίσιον</em></strong></span> <span class='ocrx_word' id='word_1_389' title='bbox 973 2548 1041 2598; x_wconf 68' lang='grc' dir='ltr'><strong><em>τας</em></strong></span> <span class='ocrx_word' id='word_1_390' title='bbox 1061 2548 1249 2603; x_wconf 78' lang='grc' dir='ltr'><strong><em>δυνάμεις</em></strong></span> <span class='ocrx_word' id='word_1_391' title='bbox 1269 2549 1486 2597; x_wconf 79' lang='grc' dir='ltr'><strong><em>συνέταττε]</em></strong></span> <span class='ocrx_word' id='word_1_392' title='bbox 1515 2547 1704 2598; x_wconf 79' lang='lat' dir='ltr'><strong>Agathiae</strong></span> 
     </span>
     <span class='ocr_line' id='line_1_44' title="bbox 254 2603 1705 2657; baseline -0.003 -11"><span class='ocrx_word' id='word_1_393' title='bbox 254 2608 377 2647; x_wconf 85' lang='lat' dir='ltr'><strong>dictio</strong></span> <span class='ocrx_word' id='word_1_394' title='bbox 397 2609 464 2652; x_wconf 84' lang='lat'><strong>25.</strong></span> <span class='ocrx_word' id='word_1_395' title='bbox 487 2608 531 2648; x_wconf 90' lang='lat' dir='ltr'><strong><em>A.</em></strong></span> <span class='ocrx_word' id='word_1_396' title='bbox 572 2609 627 2647; x_wconf 83' lang='lat' dir='ltr'><strong><em>De</em></strong></span> <span class='ocrx_word' id='word_1_397' title='bbox 650 2607 771 2647; x_wconf 80' lang='lat' dir='ltr'>variis</span> <span class='ocrx_word' id='word_1_398' title='bbox 791 2607 1138 2657; x_wconf 73' lang='lat' dir='ltr'><strong>significationibus</strong></span> <span class='ocrx_word' id='word_1_399' title='bbox 1155 2608 1264 2647; x_wconf 86' lang='lat' dir='ltr'><strong>vocis</strong></span> <span class='ocrx_word' id='word_1_400' title='bbox 1289 2606 1473 2648; x_wconf 77' lang='grc' dir='ltr'><strong><em>πλαίσιον</em></strong></span> <span class='ocrx_word' id='word_1_401' title='bbox 1489 2603 1705 2643; x_wconf 72' lang='lat' dir='ltr'><strong>Salmasius</strong></span> 
     </span>
    </p>
   </div>
   <div class='ocr_carea' id='block_1_4' title="bbox 298 2726 1021 2827">
    <p class='ocr_par' dir='ltr' id='par_1_5' title="bbox 300 2726 1021 2827">
     <span class='ocr_line' id='line_1_45' title="bbox 300 2726 1021 2768; baseline -0.001 -6.978"><span class='ocrx_word' id='word_1_402' title='bbox 300 2726 444 2768; x_wconf 78' lang='lat' dir='ltr'><strong>⁸.)Cod</strong></span> <span class='ocrx_word' id='word_1_403' title='bbox 468 2728 559 2761; x_wconf 84' lang='lat' dir='ltr'><strong><em>Vat</em></strong></span> <span class='ocrx_word' id='word_1_404' title='bbox 571 2727 639 2763; x_wconf 90' lang='lat' dir='ltr'><strong>No.</strong></span> <span class='ocrx_word' id='word_1_405' title='bbox 663 2729 739 2764; x_wconf 84' lang='lat'><strong>163.</strong></span> <span class='ocrx_word' id='word_1_406' title='bbox 762 2726 821 2762; x_wconf 85' lang='lat' dir='ltr'><strong>fol.</strong></span> <span class='ocrx_word' id='word_1_407' title='bbox 844 2728 891 2763; x_wconf 85' lang='lat'><strong><em>60</em></strong></span> <span class='ocrx_word' id='word_1_408' title='bbox 913 2737 1021 2760; x_wconf 71' lang='lat' dir='ltr'><strong>verso.</strong></span> 
     </span>
     <span class='ocr_line' id='line_1_46' title="bbox 298 2782 744 2827; baseline 0.005 -10.144"><span class='ocrx_word' id='word_1_409' title='bbox 298 2782 347 2827; x_wconf 69' lang='lat' dir='ltr'><strong><em>”J</em></strong></span> <span class='ocrx_word' id='word_1_410' title='bbox 371 2783 467 2818; x_wconf 81' lang='lat' dir='ltr'><strong>Adde</strong></span> <span class='ocrx_word' id='word_1_411' title='bbox 492 2784 554 2826; x_wconf 78' lang='grc' dir='ltr'><strong>εἰς.</strong></span> <span class='ocrx_word' id='word_1_412' title='bbox 742 2800 744 2802; x_wconf 94' lang='grc'><em>·</em></span> 
     </span>
    </p>
   </div>
  </div>
 </body>
</html>
