1754 2996
366 159 428 204 IN
453 157 661 203 LEONIS
678 159 918 204 DIACONI
943 158 1046 202 LIB.
1066 159 1181 205 VIII.
1394 151 1499 200 475

14 301 18 303 .
49 265 147 310 674.
164 265 211 306 Β.
235 264 294 304 De
310 264 416 304 bello
436 263 526 303 Iud.
546 267 642 307 767.
666 271 706 304 et
724 267 821 308 771.
840 266 885 305 F.
920 264 993 303 Est
1010 263 1082 302 nbi
1100 263 1263 313 reddas,
1281 264 1403 316 fingo
1422 266 1502 302 cri-

51 324 187 372 mina,
214 328 263 361 ut
278 322 335 360 De
349 321 455 360 bello
474 320 561 359 Iud.
581 322 676 364 750.
699 322 743 360 C.
774 319 872 362 ἄλλα
901 335 944 361 τε
968 317 1096 361 πολλοὶ
1124 317 1225 371 πρὸς
1255 318 1301 361 τὸ
1323 318 1504 362 πιθανδν

49 374 388 430 ἐνσκευαζόμεναι.
447 375 507 428 4.)
535 377 597 415 Ex
613 377 690 416 hac
706 377 1005 428 significatione,
1032 375 1198 425 adorno,
1218 377 1394 415 manavit
1412 377 1503 426 alia,

42 448 152 488 paro
167 448 229 472 me
251 434 302 472 ud
325 433 542 486 agendum,
572 436 773 486 accingor.
830 434 897 473 Sic
914 432 1256 485 interpretandum
1276 433 1382 485 apud
1402 434 1505 471 Leo-

50 504 142 530 nem
159 497 248 530 tum
268 490 347 529 hoc
364 491 593 539 10c0,1um
619 494 688 535 99.
710 491 754 528 Β.
779 497 820 529 et
840 493 932 533 106.
958 490 1003 527 B.
1031 489 1078 528 In
1095 489 1229 539 Longo
1250 502 1409 541 quoque
1428 491 1505 528 Pa·-

49 547 187 589 storal.
218 549 312 590 183.
336 547 377 586 C.
412 545 542 587 ἕωθεν
572 541 648 587 οὖν
678 543 1035 599 ἐπισκευασάμενοι,
1063 545 1374 596 lunga-mannus
1396 552 1507 584 recte

48 603 195 653 vertit,
218 605 355 655 primo
385 600 569 640 diluculo
599 605 796 640 accincti.-
826 610 865 642 ει
894 603 1000 655 apud
1019 601 1266 640 methodium
1287 602 1412 641 Conv.
1431 602 1508 641 de-

51 670 138 698 cem
168 658 266 711 virg.
294 659 388 702 204.
407 659 455 697 Β.
483 662 681 711 καρτερῶς
705 655 1000 700 ἕνσκευάσασθε
1028 655 1130 723 πρὸς
1144 673 1219 710 την
1246 654 1398 710 μάχην,
1427 659 1507 697 Leo

49 715 243 764 Allntius,
271 715 447 753 uiriliter
462 735 520 744 —-
537 712 597 751 ad
613 729 800 767 pugnam
827 716 1114 767 accingamini.
1170 715 1312 753 Active
1340 722 1511 768 usurpat

49 772 129 811 Leo
158 774 252 814 100.
275 771 319 812 G.
349 772 460 824 δῶρα
482 768 841 823 ἔνσκευασάμενος,
869 771 939 809 ubi
969 783 1108 809 sonare
1133 770 1295 809 videtur
1323 785 1511 822 convaso,

49 834 102 867 ut
120 826 357 866 Terentiano
376 827 499 866 verbo
520 832 633 876 utar,
662 828 740 866 hoc
762 834 841 877 est,
871 830 974 866 inter
996 828 1182 865 sarcinas
1201 829 1344 875 aufero
1356 858 1368 877 ,
1397 828 1510 866 tollo.

49 883 152 924 Mire
171 883 278 936 apud
303 882 561 923 Plutarchum
584 884 628 922 in
648 884 756 936 Sylla
777 885 873 927 468.
896 884 940 922 B.
960 897 1033 935 pro
1053 880 1294 931 ὃιασκευάζω
1317 882 1511 933 adhiberi,

52 939 351 991 significatoque
373 942 602 991 interpone,
634 948 827 989 retracto,
872 940 1131 993 Τυραννίωνα
1152 937 1217 981 τὸν
1238 938 1512 992 γραμματικόν

52 992 374 1037 ἐνσκευάσασθαι
396 994 445 1036 τά
464 993 590 1036 πολλά
615 994 815 1050 (simodo
838 996 950 1035 locus
968 1002 1027 1034 est
1050 994 1210 1046 sanus),
1239 997 1316 1034 iam
1336 996 1510 1035 animad-
1519 1000 1554 1035 1)

52 1052 176 1092 vertit
193 1064 369 1091 summus
384 1053 450 1091 vir
470 1052 633 1091 conius
650 1053 703 1092 ad
721 1053 829 1092 vitas
844 1052 1111 1105 parallel.111.
1134 1054 1230 1095 158.

166 1106 272 1148 Ibid.
302 1109 378 1148 lin.
408 1113 475 1152 22.
504 1112 592 1156 ταῖς
615 1105 758 1161 μάχαις
785 1105 1067 1163 ἀναστραφεὶς]
1104 1107 1329 1160 Legendum
1348 1122 1512 1162 propo-

54 1163 120 1204 sui
134 1163 212 1260 inp
197 1177 267 1203 ora
206 1162 550 1273 agu'voetqmpslg·
580 1166 716 1204 confer
738 1169 804 1208 27.
822 1165 870 1205 B.

263 1223 399 1264 .132.
432 1221 504 1260 lm.
540 1224 607 1264 12.
637 1237 697 1263 οτι
720 1220 903 1274 Ῥωμαῖοί
930 1216 1032 1273 ἐστῖ]
1052 1216 1149 1261 “An
1180 1218 1232 1274 δὴ
1257 1219 1440 1274 Ῥωμαῖοί
1466 1236 1512 1276 γε

55 1274 170 1325 οντες
190 1276 405 1329 scripserat
423 1275 611 1328 Agathias
633 1281 725 1320 161.
746 1278 793 1315 A.

0 1357 1 1374 1
170 1331 275 1371 Ibid.
303 1333 377 1371 lin.
407 1333 475 1376 15.
504 1332 871 1386 προπορευομένην]
890 1332 1000 1372 Haec
1015 1345 1143 1384 usque
1161 1332 1212 1371 ad
1229 1332 1296 1373 vb.
1314 1329 1517 1374 υπόνοιαν

0 1391 1 1394 ’
54 1388 314 1428 combefisius
334 1389 455 1428 vertit
474 1402 537 1441 ap.
555 1390 646 1440 Pag.
667 1390 730 1428 W.
751 1391 817 1433 28.

169 1444 274 1485 [bid.
302 1445 375 1485 lin.
402 1448 473 1488 20.
506 1445 641 1494 ἱππεῖς
670 1444 713 1486 δὲ
741 1443 880 1498 μύριοι
904 1444 975 1486 καὶ
1003 1443 1224 1498 τρισχίλιοι]
1271 1444 1435 1482 Cedren.
1466 1444 1517 1484 Π.

56 1504 155 1544 672.
171 1502 217 1541 Δ.
239 1501 374 1550 ἱππεῖς
393 1499 437 1542 δὲ
457 1501 515 1550 εἷς
543 1503 893 1554 τετρακισχιλίους·
922 1514 1052 1553 neque
1080 1501 1124 1538 in
1148 1499 1227 1539 hoc
1250 1501 1411 1552 quidem
1442 1513 1519 1539 va-

54 1557 165 1596 riant
193 1557 372 1597 Codices.
428 1557 651 1596 Combefisii
676 1572 799 1610 prava
833 1559 962 1596 versio
999 1570 1144 1596 vocum
1177 1557 1518 1609 praecedentium:

57 1612 190 1651 decem
201 1614 336 1651 millia
351 1627 481 1666 supra
504 1616 755 1665 quingentos,
776 1614 819 1652 in
837 1613 1063 1652 Schloezeri
1080 1613 1283 1651 Nestorem
1296 1613 1520 1650 Russische

56 1669 247 1708 Annalem
277 1671 321 1707 in
347 1669 455 1707 ihrer
487 1669 803 1722 Grundspraclze
833 1670 880 1708 V.
911 1671 1005 1713 155.
1035 1670 1080 1709 Β.
1117 1683 1158 1707 se
1183 1669 1422 1717 transfudit,
1448 1669 1520 1707 ubi

57 1731 145 1764 tot·
164 1725 307 1764 Leonis
334 1725 386 1764 de
409 1725 515 1763 bello
537 1726 700 1764 Russico
721 1726 896 1764 narratio
926 1739 978 1764 ex
1001 1725 1159 1763 Criticis
1188 1725 1282 1775 Pagi
1313 1739 1354 1777 p.
1374 1727 1520 1768 151-

61 1785 156 1824 177.
185 1781 394 1833 repetitur.
450 1782 571 1833 Apud
598 1783 762 1822 Cedren.
788 1782 907 1834 paulo
944 1788 1058 1834 post,
1090 1782 1139 1820 11.
1177 1785 1271 1825 672-
1301 1781 1346 1820 Β.
1381 1782 1453 1822 lin.
1477 1781 1519 1825 4.

59 1835 244 1890 ἒνὲλαβε,
271 1838 300 1875 l.
328 1835 501 1891 ἐνέβαλε.

172 1892 277 1933 [bid.
308 1893 381 1932 lin.
411 1897 479 1937 21.
511 1909 608 1947 μετα
631 1896 708 1935 τοῦ
734 1892 929 1947 θητικοῦ]
958 1893 1050 1933 Vox
1073 1891 1245 1946 θητικόν
1275 1907 1328 1932 ex
1350 1893 1519 1945 Agathia

172 2003 276 2044 Ibid.
306 2006 379 2045 lin.
408 2006 475 2049 24.
502 2001 612 2046 Ἐπεὶ
640 2003 685 2045 δὲ
710 2021 804 2053 τους
830 2005 1060 2056 ἐπισφαλεῖς
1076 2026 1133 2036 --
1150 2001 1303 2054 τόπους
1331 2002 1517 2057 διώδευε]

59 2061 243 2101 Imitatur
258 2063 336 2100 Leo
355 2068 441 2100 toto
462 2061 541 2100 hoc
558 2062 686 2114 capite
706 2061 893 2111 Agathiae
911 2062 1179 2100 narrationem
1200 2064 1294 2106 124.
1317 2063 1358 2100 C.
1388 2063 1432 2100 D.
1466 2062 1517 2100 de

60 2118 248 2156 Romanis
266 2125 440 2156 montem
468 2118 620 2170 regioni
647 2118 963 2157 Misimianorum
991 2118 1191 2157 obiectum
1217 2119 1374 2158 nemine
1405 2118 1517 2157 obsi-

62 2179 191 2212 stente
209 2175 498 2226 superantibus.

165 2232 272 2282 Peg.
303 2233 395 2273 133.
425 2231 496 2270 lin.
525 2234 565 2273 1.
596 2229 663 2271 ἐπί
686 2245 795 2278 τινος
824 2229 970 2283 ἐχυροῦ
1012 2226 1223 2283 γηλόφου]
1255 2231 1514 2277 Credendum,
1535 2237 1578 2272 P.
1600 2238 1670 2276 239

63 2285 296 2324 Tzimiscem
326 2286 590 2339 Adrianopoli
618 2287 843 2338 profectum
870 2300 944 2339 per
970 2286 1164 2325 Haemum
1193 2287 1236 2325 in
1255 2288 1399 2339 Panysi
1421 2301 1521 2324 con-

63 2341 209 2380 vallem
228 2355 270 2379 se
289 2341 501 2392 demisisse,
532 2342 601 2381 ubi
620 2349 704 2381 erat
724 2343 864 2380 civitas
884 2343 1058 2393 probati,
1082 2344 1194 2382 cuius
1211 2345 1394 2394 frequens
1414 2356 1522 2380 men-

64 2397 123 2436 tio
153 2397 199 2434 in
230 2397 320 2435 Vita
347 2411 419 2436 ms.
447 2397 640 2452 (opinor)
667 2401 705 2438 S.
734 2399 936 2448 Evaresni,
966 2400 1072 2438 circa
1100 2414 1135 2438 a.
1163 2400 1257 2442 844.
1276 2413 1366 2437 cum
1383 2396 1521 2449 legatis

0 2491 2 2494 ,
64 2452 295 2492 Theodora«.
312 2452 507 2504 Augustae
527 2468 592 2492 eas
616 2456 721 2506 ipsas
742 2461 873 2507 partes
893 2456 1108 2496 lustrantis.
1147 2457 1203 2493 De
1226 2469 1303 2506 quo
1321 2455 1426 2493 inter
1443 2454 1522 2491 alia

0 2559 3 2561 -
64 2508 194 2547 haec
181 2523 227 2546 ιιι
245 2509 341 2547 cod.
351 2510 442 2560 Reg.
458 2523 558 2549 saec.
575 2511 635 2548 Χ.
662 2511 727 2551 καὶ
745 2527 799 2559 ως
812 2508 917 2578 πρός
927 2526 966 2552 τι
981 2513 1185 2564 πολίχνιον
1205 2508 1405 2575 Θρᾳκικόν
1418 2512 1523 2561 Προ

0 2583 3 2586 >
67 2561 195 2616 βάτου
220 2561 435 2618 λεγόμενον
462 2565 722 2633 παρεγένοπο
751 2583 846 2615 τους
866 2564 1013 2615 πόνους
1033 2562 1391 2614 διαναπαύσοντες,
1423 2581 1524 2606 πυν-

70 2617 242 2661 θάνεταί
260 2636 371 2668 τινας
389 2637 411 2661 ο
432 2618 661 2674 Εὐάρεστος
677 2621 827 2676 ανδρας
844 2620 1027 2690 ευλαβείᾳ
1042 2626 1253 2670 συζῶντας,
1271 2637 1338 2661 και
1352 2619 1420 2661 τόν
1436 2621 1523 2674 ἐρη-

71 2673 674 2788 ξ’ῗᾷξ’ῗέγοῖἒῖζζέἱέἕε”ἶῶ
686 2679 843 2782 ἔνρῗζὲ
856 2674 1301 2795 ῑὲἒέῗὲζῖἶῗοῗῖἰῗέ
1320 2692 1387 2770 1⁴33?
1388 2692 1524 2780 {5333

0 2822 2 2824 .
73 2773 226 2827 Orienl.
242 2788 388 2827 Christ.
415 2789 445 2829 Ι.
470 2790 590 2833 1185.
615 2775 659 2830 Β.
682 2797 839 2843 praeter
858 2804 978 2830 unam
995 2788 1180 2842 episcopi·
1195 2788 1524 2842 subscriptionem
