<?xml version="1.0" encoding="UTF-8"?>
<!DOCTYPE html PUBLIC "-//W3C//DTD XHTML 1.0 Transitional//EN"
    "http://www.w3.org/TR/xhtml1/DTD/xhtml1-transitional.dtd">
<html xmlns="http://www.w3.org/1999/xhtml" xml:lang="en" lang="en">
 <head>
  <title>
</title>
<meta http-equiv="Content-Type" content="text/html;charset=utf-8" />
  <meta name='ocr-system' content='tesseract 3.04.00' />
  <meta name='ocr-capabilities' content='ocr_page ocr_carea ocr_par ocr_line ocrx_word'/>
</head>
<body>
  <div class='ocr_page' id='page_1' title='image "./corpusscriptorum33niebuoft/corpusscriptorum33niebuoft_0496.png"; bbox 0 0 1748 3094; ppageno 0'>
   <div class='ocr_carea' id='block_1_1' title="bbox 293 194 1284 246">
    <p class='ocr_par' dir='ltr' id='par_1_1' title="bbox 293 194 1284 246">
     <span class='ocr_line' id='line_1_1' title="bbox 293 194 1284 246; baseline 0.002 -2"><span class='ocrx_word' id='word_1_1' title='bbox 293 194 393 245; x_wconf 76' lang='lat'>452</span> <span class='ocrx_word' id='word_1_2' title='bbox 750 202 798 246; x_wconf 85' lang='lat' dir='ltr'>C.</span> <span class='ocrx_word' id='word_1_3' title='bbox 827 203 875 246; x_wconf 89' lang='lat' dir='ltr'>B.</span> <span class='ocrx_word' id='word_1_4' title='bbox 906 200 1057 245; x_wconf 85' lang='lat' dir='ltr'>HASII</span> <span class='ocrx_word' id='word_1_5' title='bbox 1084 201 1284 246; x_wconf 87' lang='lat' dir='ltr'><strong>NOTAE</strong></span> 
     </span>
    </p>
   </div>
   <div class='ocr_carea' id='block_1_2' title="bbox 116 304 1748 2857">
    <p class='ocr_par' dir='ltr' id='par_1_2' title="bbox 257 304 1748 1363">
     <span class='ocr_line' id='line_1_2' title="bbox 290 304 1730 360; baseline -0.001 -14"><span class='ocrx_word' id='word_1_6' title='bbox 290 309 354 347; x_wconf 70' lang='lat' dir='ltr'>rtis</span> <span class='ocrx_word' id='word_1_7' title='bbox 381 306 449 359; x_wconf 88' lang='lat' dir='ltr'>[ab</span> <span class='ocrx_word' id='word_1_8' title='bbox 472 305 720 360; x_wconf 86' lang='lat' dir='ltr'>episcopatu]</span> <span class='ocrx_word' id='word_1_9' title='bbox 745 307 1059 355; x_wconf 74' lang='lat' dir='ltr'><em>criminationes,</em></span> <span class='ocrx_word' id='word_1_10' title='bbox 1090 307 1368 357; x_wconf 73' lang='lat' dir='ltr'>contumelias,</span> <span class='ocrx_word' id='word_1_11' title='bbox 1397 308 1581 346; x_wconf 83' lang='lat' dir='ltr'><em>convicia</em></span> <span class='ocrx_word' id='word_1_12' title='bbox 1602 304 1730 346; x_wconf 71' lang='lat' dir='ltr'>multa</span> 
     </span>
     <span class='ocr_line' id='line_1_3' title="bbox 293 361 1731 416; baseline 0 -14"><span class='ocrx_word' id='word_1_13' title='bbox 293 362 561 416; x_wconf 82' lang='lat' dir='ltr'><strong><em>congerebant.</em></strong></span> <span class='ocrx_word' id='word_1_14' title='bbox 617 363 944 402; x_wconf 83' lang='lat' dir='ltr'>Montefalconius</span> <span class='ocrx_word' id='word_1_15' title='bbox 972 363 1016 401; x_wconf 90' lang='lat' dir='ltr'>in</span> <span class='ocrx_word' id='word_1_16' title='bbox 1035 363 1213 402; x_wconf 82' lang='lat' dir='ltr'>Simeone</span> <span class='ocrx_word' id='word_1_17' title='bbox 1229 361 1421 416; x_wconf 65' lang='lat' dir='ltr'>Memphr.</span> <span class='ocrx_word' id='word_1_18' title='bbox 1448 364 1507 402; x_wconf 89' lang='lat' dir='ltr'>De</span> <span class='ocrx_word' id='word_1_19' title='bbox 1524 363 1607 403; x_wconf 84' lang='lat' dir='ltr'>vita</span> <span class='ocrx_word' id='word_1_20' title='bbox 1626 363 1731 402; x_wconf 85' lang='lat' dir='ltr'>eius-</span> 
     </span>
     <span class='ocr_line' id='line_1_4' title="bbox 292 419 1748 472; baseline -0.001 -12"><span class='ocrx_word' id='word_1_21' title='bbox 292 421 381 460; x_wconf 83' lang='lat' dir='ltr'>dem</span> <span class='ocrx_word' id='word_1_22' title='bbox 416 433 501 459; x_wconf 62' lang='lat' dir='ltr'><strong>cm..</strong></span> <span class='ocrx_word' id='word_1_23' title='bbox 519 421 562 458; x_wconf 88' lang='lat' dir='ltr'>B.</span> <span class='ocrx_word' id='word_1_24' title='bbox 582 419 625 460; x_wconf 82' lang='grc' dir='ltr'><strong><em>ἒν</em></strong></span> <span class='ocrx_word' id='word_1_25' title='bbox 653 423 735 467; x_wconf 82' lang='grc' dir='ltr'><strong><em>τοῖς</em></strong></span> <span class='ocrx_word' id='word_1_26' title='bbox 751 422 1059 472; x_wconf 80' lang='grc' dir='ltr'><strong><em>καθαιρετικοῒς·</em></strong></span> <span class='ocrx_word' id='word_1_27' title='bbox 1090 421 1135 456; x_wconf 80' lang='lat' dir='ltr'>in</span> <span class='ocrx_word' id='word_1_28' title='bbox 1157 420 1320 470; x_wconf 71' lang='lat' dir='ltr'>scriptis</span> <span class='ocrx_word' id='word_1_29' title='bbox 1337 421 1438 459; x_wconf 68' lang='lat' dir='ltr'>suis.</span> <span class='ocrx_word' id='word_1_30' title='bbox 1493 419 1667 458; x_wconf 79' lang='lat' dir='ltr'>Emenda</span> <span class='ocrx_word' id='word_1_31' title='bbox 1684 425 1748 458; x_wconf 81' lang='lat' dir='ltr'>ut&#39;</span> 
     </span>
     <span class='ocr_line' id='line_1_5' title="bbox 293 473 1731 528; baseline -0.001 -13"><span class='ocrx_word' id='word_1_32' title='bbox 293 490 434 528; x_wconf 87' lang='lat' dir='ltr'>supra,</span> <span class='ocrx_word' id='word_1_33' title='bbox 465 477 506 513; x_wconf 84' lang='lat' dir='ltr'>in</span> <span class='ocrx_word' id='word_1_34' title='bbox 530 489 610 512; x_wconf 77' lang='lat' dir='ltr'>sua</span> <span class='ocrx_word' id='word_1_35' title='bbox 644 474 902 526; x_wconf 74' lang='lat' dir='ltr'><em>depositionis</em></span> <span class='ocrx_word' id='word_1_36' title='bbox 922 476 1117 524; x_wconf 84' lang='lat' dir='ltr'>formula.</span> <span class='ocrx_word' id='word_1_37' title='bbox 1145 475 1181 514; x_wconf 88' lang='lat' dir='ltr'>A</span> <span class='ocrx_word' id='word_1_38' title='bbox 1203 473 1479 528; x_wconf 75' lang='grc' dir='ltr'><strong><em>καθαιρετικδς</em></strong></span> <span class='ocrx_word' id='word_1_39' title='bbox 1494 500 1497 502; x_wconf 75' lang='lat'>,</span> <span class='ocrx_word' id='word_1_40' title='bbox 1510 475 1731 514; x_wconf 81' lang='lat' dir='ltr'>derivatum</span> 
     </span>
     <span class='ocr_line' id='line_1_6' title="bbox 295 531 1730 584; baseline -0.002 -13"><span class='ocrx_word' id='word_1_41' title='bbox 295 531 522 571; x_wconf 70' lang='lat' dir='ltr'><strong>adverbium</strong></span> <span class='ocrx_word' id='word_1_42' title='bbox 549 532 862 583; x_wconf 85' lang='lat' dir='ltr'>praetermissum</span> <span class='ocrx_word' id='word_1_43' title='bbox 889 532 931 568; x_wconf 90' lang='lat' dir='ltr'>in</span> <span class='ocrx_word' id='word_1_44' title='bbox 962 531 1112 569; x_wconf 83' lang='lat' dir='ltr'>Lexicis</span> <span class='ocrx_word' id='word_1_45' title='bbox 1124 561 1135 580; x_wconf 94' lang='lat'>,</span> <span class='ocrx_word' id='word_1_46' title='bbox 1162 533 1465 584; x_wconf 71' lang='grc' dir='ltr'><strong><em>καθαιρετικῶς,</em></strong></span> <span class='ocrx_word' id='word_1_47' title='bbox 1493 545 1536 569; x_wconf 83' lang='lat' dir='ltr'>eo</span> <span class='ocrx_word' id='word_1_48' title='bbox 1563 531 1730 569; x_wconf 81' lang='lat' dir='ltr'>consilio</span> 
     </span>
     <span class='ocr_line' id='line_1_7' title="bbox 295 584 1732 641; baseline 0.001 -15"><span class='ocrx_word' id='word_1_49' title='bbox 295 596 343 626; x_wconf 84' lang='lat' dir='ltr'>ut</span> <span class='ocrx_word' id='word_1_50' title='bbox 371 588 503 626; x_wconf 73' lang='lat' dir='ltr'>tollas.</span> <span class='ocrx_word' id='word_1_51' title='bbox 560 587 747 637; x_wconf 83' lang='lat' dir='ltr'>Origenes</span> <span class='ocrx_word' id='word_1_52' title='bbox 770 588 916 625; x_wconf 87' lang='lat' dir='ltr'><strong>Contra</strong></span> <span class='ocrx_word' id='word_1_53' title='bbox 945 588 1043 626; x_wconf 89' lang='lat' dir='ltr'>Cels.</span> <span class='ocrx_word' id='word_1_54' title='bbox 1068 588 1133 630; x_wconf 88' lang='lat'>25.</span> <span class='ocrx_word' id='word_1_55' title='bbox 1161 588 1206 627; x_wconf 91' lang='grc' dir='ltr'>Β.</span> <span class='ocrx_word' id='word_1_56' title='bbox 1235 584 1346 635; x_wconf 70' lang='grc' dir='ltr'><strong><em>τινας</em></strong></span> <span class='ocrx_word' id='word_1_57' title='bbox 1366 585 1469 641; x_wconf 30' lang='grc' dir='ltr'><strong><em>,ὑπὲρ</em></strong></span> <span class='ocrx_word' id='word_1_58' title='bbox 1487 589 1562 628; x_wconf 74' lang='grc' dir='ltr'>τοῦ</span> <span class='ocrx_word' id='word_1_59' title='bbox 1573 589 1732 628; x_wconf 68' lang='grc' dir='ltr'><strong><em>-κοινοῦ</em></strong></span> 
     </span>
     <span class='ocr_line' id='line_1_8' title="bbox 294 639 1746 696; baseline -0.001 -12"><span class='ocrx_word' id='word_1_60' title='bbox 294 642 551 695; x_wconf 79' lang='grc' dir='ltr'><strong><em>τεθνηκέναι,</em></strong></span> <span class='ocrx_word' id='word_1_61' title='bbox 579 646 863 696; x_wconf 76' lang='grc' dir='ltr'><strong><em>καθαιρετικῶς</em></strong></span> <span class='ocrx_word' id='word_1_62' title='bbox 885 645 965 683; x_wconf 77' lang='grc' dir='ltr'><strong><em>τῶν</em></strong></span> <span class='ocrx_word' id='word_1_63' title='bbox 993 639 1370 696; x_wconf 82' lang='grc' dir='ltr'><strong><em>προκαταλαβόντων</em></strong></span> <span class='ocrx_word' id='word_1_64' title='bbox 1396 640 1466 690; x_wconf 71' lang='grc' dir='ltr'><strong><em>ταὶς</em></strong></span> <span class='ocrx_word' id='word_1_65' title='bbox 1492 639 1629 690; x_wconf 71' lang='grc' dir='ltr'><strong><em>πόλεις</em></strong></span> <span class='ocrx_word' id='word_1_66' title='bbox 1659 641 1746 691; x_wconf 35' lang='grc' dir='ltr'><strong><em>καὶ,</em></strong></span> 
     </span>
     <span class='ocr_line' id='line_1_9' title="bbox 294 698 1730 750; baseline -0.003 -11"><span class='ocrx_word' id='word_1_67' title='bbox 294 698 342 740; x_wconf 68' lang='grc' dir='ltr'>τοὶ</span> <span class='ocrx_word' id='word_1_68' title='bbox 377 699 478 750; x_wconf 75' lang='grc' dir='ltr'><strong><em>ἔθνη</em></strong></span> <span class='ocrx_word' id='word_1_69' title='bbox 496 701 649 738; x_wconf 78' lang='grc' dir='ltr'><strong><em>κακῶν·</em></strong></span> <span class='ocrx_word' id='word_1_70' title='bbox 679 699 831 749; x_wconf 85' lang='lat' dir='ltr'>Sigism.</span> <span class='ocrx_word' id='word_1_71' title='bbox 851 699 1055 737; x_wconf 83' lang='lat' dir='ltr'>Gelenius:</span> <span class='ocrx_word' id='word_1_72' title='bbox 1085 699 1263 750; x_wconf 82' lang='lat' dir='ltr'><em>aliquot,</em></span> <span class='ocrx_word' id='word_1_73' title='bbox 1293 701 1364 750; x_wconf 75' lang='lat' dir='ltr'>qui</span> <span class='ocrx_word' id='word_1_74' title='bbox 1394 699 1577 736; x_wconf 80' lang='lat' dir='ltr'>ultronea</span> <span class='ocrx_word' id='word_1_75' title='bbox 1606 705 1730 736; x_wconf 89' lang='lat' dir='ltr'>morte</span> 
     </span>
     <span class='ocr_line' id='line_1_10' title="bbox 293 755 1729 806; baseline -0.001 -14"><span class='ocrx_word' id='word_1_76' title='bbox 293 756 401 792; x_wconf 81' lang='lat' dir='ltr'>obita</span> <span class='ocrx_word' id='word_1_77' title='bbox 418 769 493 806; x_wconf 83' lang='lat' dir='ltr'>pro</span> <span class='ocrx_word' id='word_1_78' title='bbox 514 769 592 806; x_wconf 82' lang='lat' dir='ltr'>rep.</span> <span class='ocrx_word' id='word_1_79' title='bbox 619 762 722 792; x_wconf 80' lang='lat' dir='ltr'>totos</span> <span class='ocrx_word' id='word_1_80' title='bbox 740 756 916 806; x_wconf 77' lang='lat' dir='ltr'><em>populos</em></span> <span class='ocrx_word' id='word_1_81' title='bbox 935 762 1117 805; x_wconf 80' lang='lat' dir='ltr'>totasque</span> <span class='ocrx_word' id='word_1_82' title='bbox 1131 762 1266 806; x_wconf 78' lang='lat' dir='ltr'>gentes</span> <span class='ocrx_word' id='word_1_83' title='bbox 1288 755 1496 792; x_wconf 82' lang='lat' dir='ltr'><em>liberarint</em></span> <span class='ocrx_word' id='word_1_84' title='bbox 1511 769 1539 792; x_wconf 85' lang='lat' dir='ltr'><em>a</em></span> <span class='ocrx_word' id='word_1_85' title='bbox 1558 756 1729 794; x_wconf 81' lang='lat' dir='ltr'>calami-</span> 
     </span>
     <span class='ocr_line' id='line_1_11' title="bbox 257 810 1728 862; baseline 0.001 -14"><span class='ocrx_word' id='word_1_86' title='bbox 257 811 457 850; x_wconf 67' lang='lat' dir='ltr'>ctatibus.</span> <span class='ocrx_word' id='word_1_87' title='bbox 512 811 569 848; x_wconf 85' lang='lat' dir='ltr'>Ut</span> <span class='ocrx_word' id='word_1_88' title='bbox 593 811 643 849; x_wconf 81' lang='lat' dir='ltr'>ad</span> <span class='ocrx_word' id='word_1_89' title='bbox 667 824 806 849; x_wconf 85' lang='lat' dir='ltr'>vocem</span> <span class='ocrx_word' id='word_1_90' title='bbox 823 811 1053 862; x_wconf 78' lang='grc' dir='ltr'><strong><em>καθαίρεσις</em></strong></span> <span class='ocrx_word' id='word_1_91' title='bbox 1072 810 1246 862; x_wconf 82' lang='lat' dir='ltr'><strong>redeam,</strong></span> <span class='ocrx_word' id='word_1_92' title='bbox 1273 817 1367 848; x_wconf 87' lang='lat' dir='ltr'>nota</span> <span class='ocrx_word' id='word_1_93' title='bbox 1387 810 1623 862; x_wconf 81' lang='lat' dir='ltr'>peculiarem</span> <span class='ocrx_word' id='word_1_94' title='bbox 1647 810 1728 849; x_wconf 81' lang='lat' dir='ltr'>eius</span> 
     </span>
     <span class='ocr_line' id='line_1_12' title="bbox 292 862 1730 917; baseline -0.001 -12"><span class='ocrx_word' id='word_1_95' title='bbox 292 866 633 917; x_wconf 85' lang='lat' dir='ltr'>significationem,</span> <span class='ocrx_word' id='word_1_96' title='bbox 664 862 931 917; x_wconf 88' lang='lat' dir='ltr'>quamnescio</span> <span class='ocrx_word' id='word_1_97' title='bbox 951 880 1001 903; x_wconf 86' lang='lat' dir='ltr'>an</span> <span class='ocrx_word' id='word_1_98' title='bbox 1024 866 1234 916; x_wconf 87' lang='lat' dir='ltr'>quisquam</span> <span class='ocrx_word' id='word_1_99' title='bbox 1249 866 1487 904; x_wconf 77' lang='lat' dir='ltr'>distinxerit.</span> <span class='ocrx_word' id='word_1_100' title='bbox 1542 865 1654 904; x_wconf 88' lang='lat' dir='ltr'>Philo</span> <span class='ocrx_word' id='word_1_101' title='bbox 1674 867 1730 904; x_wconf 89' lang='lat' dir='ltr'>De</span> 
     </span>
     <span class='ocr_line' id='line_1_13' title="bbox 291 917 1729 974; baseline 0.001 -14"><span class='ocrx_word' id='word_1_102' title='bbox 291 923 405 963; x_wconf 85' lang='lat' dir='ltr'>telor.</span> <span class='ocrx_word' id='word_1_103' title='bbox 436 929 580 961; x_wconf 84' lang='lat' dir='ltr'><em>constr.</em></span> <span class='ocrx_word' id='word_1_104' title='bbox 596 925 663 964; x_wconf 86' lang='lat'>92.</span> <span class='ocrx_word' id='word_1_105' title='bbox 685 923 725 962; x_wconf 90' lang='lat' dir='ltr'>C.</span> <span class='ocrx_word' id='word_1_106' title='bbox 751 917 1019 962; x_wconf 76' lang='grc' dir='ltr'><strong><em>ἆποσπαστέον</em></strong></span> <span class='ocrx_word' id='word_1_107' title='bbox 1036 921 1077 962; x_wconf 83' lang='grc' dir='ltr'>τέ</span> <span class='ocrx_word' id='word_1_108' title='bbox 1093 921 1174 962; x_wconf 78' lang='grc' dir='ltr'><strong><em>ἐστι</em></strong></span> <span class='ocrx_word' id='word_1_109' title='bbox 1185 919 1259 974; x_wconf 70' lang='grc' dir='ltr'><strong><em>τήν</em></strong></span> <span class='ocrx_word' id='word_1_110' title='bbox 1277 923 1460 974; x_wconf 84' lang='grc' dir='ltr'><strong><em>ταχίστην</em></strong></span> <span class='ocrx_word' id='word_1_111' title='bbox 1480 919 1551 969; x_wconf 70' lang='grc' dir='ltr'>τοὶς</span> <span class='ocrx_word' id='word_1_112' title='bbox 1569 917 1729 974; x_wconf 71' lang='grc' dir='ltr'><strong><em>πρώτας</em></strong></span> 
     </span>
     <span class='ocr_line' id='line_1_14' title="bbox 292 974 1729 1031; baseline -0.003 -12"><span class='ocrx_word' id='word_1_113' title='bbox 292 974 466 1031; x_wconf 76' lang='grc' dir='ltr'><strong><em>ὄροφοὶς,</em></strong></span> <span class='ocrx_word' id='word_1_114' title='bbox 499 977 567 1017; x_wconf 83' lang='grc' dir='ltr'><strong><em>καὶ</em></strong></span> <span class='ocrx_word' id='word_1_115' title='bbox 595 974 665 1024; x_wconf 72' lang='grc' dir='ltr'>τὰς</span> <span class='ocrx_word' id='word_1_116' title='bbox 691 977 940 1029; x_wconf 84' lang='grc' dir='ltr'><strong><em>καθαιρέσεις</em></strong></span> <span class='ocrx_word' id='word_1_117' title='bbox 969 974 1211 1030; x_wconf 62' lang='grc' dir='ltr'><strong><em>ἀναιρετέον,</em></strong></span> <span class='ocrx_word' id='word_1_118' title='bbox 1240 984 1277 1015; x_wconf 83' lang='lat' dir='ltr'>et</span> <span class='ocrx_word' id='word_1_119' title='bbox 1308 976 1458 1015; x_wconf 81' lang='lat' dir='ltr'>rudera</span> <span class='ocrx_word' id='word_1_120' title='bbox 1480 976 1729 1029; x_wconf 73' lang='lat' dir='ltr'>asportanda</span> 
     </span>
     <span class='ocr_line' id='line_1_15' title="bbox 291 1030 1728 1085; baseline 0.003 -15"><span class='ocrx_word' id='word_1_121' title='bbox 291 1041 399 1071; x_wconf 77' lang='lat' dir='ltr'>sunt.</span> <span class='ocrx_word' id='word_1_122' title='bbox 455 1034 551 1071; x_wconf 85' lang='lat' dir='ltr'>Item</span> <span class='ocrx_word' id='word_1_123' title='bbox 569 1032 786 1071; x_wconf 80' lang='lat' dir='ltr'>Athenaeus</span> <span class='ocrx_word' id='word_1_124' title='bbox 805 1035 860 1071; x_wconf 91' lang='lat' dir='ltr'>De</span> <span class='ocrx_word' id='word_1_125' title='bbox 879 1033 1002 1073; x_wconf 86' lang='lat' dir='ltr'>mach.</span> <span class='ocrx_word' id='word_1_126' title='bbox 1024 1037 1090 1076; x_wconf 85' lang='lat'>92.</span> <span class='ocrx_word' id='word_1_127' title='bbox 1109 1034 1152 1072; x_wconf 91' lang='lat' dir='ltr'>B.</span> <span class='ocrx_word' id='word_1_128' title='bbox 1167 1030 1262 1081; x_wconf 76' lang='grc' dir='ltr'>τούς</span> <span class='ocrx_word' id='word_1_129' title='bbox 1280 1031 1346 1074; x_wconf 68' lang='grc' dir='ltr'>διαὶ</span> <span class='ocrx_word' id='word_1_130' title='bbox 1362 1036 1443 1073; x_wconf 75' lang='grc' dir='ltr'><strong><em>τῶν</em></strong></span> <span class='ocrx_word' id='word_1_131' title='bbox 1458 1032 1728 1085; x_wconf 67' lang='grc' dir='ltr'><strong><em>καθαιρέσεωῠ</em></strong></span> 
     </span>
     <span class='ocr_line' id='line_1_16' title="bbox 292 1089 1727 1141; baseline 0 -12"><span class='ocrx_word' id='word_1_132' title='bbox 292 1089 578 1136; x_wconf 80' lang='grc' dir='ltr'><strong><em>εἰσπίπτοντας.</em></strong></span> <span class='ocrx_word' id='word_1_133' title='bbox 633 1089 763 1139; x_wconf 89' lang='lat' dir='ltr'>Neque</span> <span class='ocrx_word' id='word_1_134' title='bbox 791 1090 945 1141; x_wconf 82' lang='lat' dir='ltr'>inepte,</span> <span class='ocrx_word' id='word_1_135' title='bbox 976 1089 1139 1141; x_wconf 84' lang='lat' dir='ltr'><em>opinor,</em></span> <span class='ocrx_word' id='word_1_136' title='bbox 1165 1096 1296 1141; x_wconf 83' lang='lat' dir='ltr'>partes</span> <span class='ocrx_word' id='word_1_137' title='bbox 1326 1090 1429 1128; x_wconf 88' lang='lat' dir='ltr'>muri</span> <span class='ocrx_word' id='word_1_138' title='bbox 1453 1089 1639 1129; x_wconf 73' lang='lat' dir='ltr'>decussae</span> <span class='ocrx_word' id='word_1_139' title='bbox 1652 1104 1727 1129; x_wconf 82' lang='grc' dir='ltr'><strong><em>κα-</em></strong></span> 
     </span>
     <span class='ocr_line' id='line_1_17' title="bbox 291 1143 1727 1198; baseline 0 -14"><span class='ocrx_word' id='word_1_140' title='bbox 291 1143 491 1197; x_wconf 80' lang='grc' dir='ltr'><strong><em>θαιρέσεις</em></strong></span> <span class='ocrx_word' id='word_1_141' title='bbox 519 1149 737 1192; x_wconf 79' lang='lat' dir='ltr'>vocantur,</span> <span class='ocrx_word' id='word_1_142' title='bbox 770 1158 859 1182; x_wconf 91' lang='lat' dir='ltr'>cum</span> <span class='ocrx_word' id='word_1_143' title='bbox 876 1149 1084 1198; x_wconf 85' lang='grc' dir='ltr'><strong><em>καθαιρεῖν</em></strong></span> <span class='ocrx_word' id='word_1_144' title='bbox 1101 1145 1230 1196; x_wconf 87' lang='lat' dir='ltr'>ipsum</span> <span class='ocrx_word' id='word_1_145' title='bbox 1250 1146 1396 1197; x_wconf 86' lang='lat' dir='ltr'>passim</span> <span class='ocrx_word' id='word_1_146' title='bbox 1411 1151 1521 1184; x_wconf 87' lang='lat' dir='ltr'>notet</span> <span class='ocrx_word' id='word_1_147' title='bbox 1539 1144 1727 1184; x_wconf 82' lang='lat' dir='ltr'>decutere.</span> 
     </span>
     <span class='ocr_line' id='line_1_18' title="bbox 289 1200 1744 1249; baseline 0.001 -10"><span class='ocrx_word' id='word_1_148' title='bbox 289 1200 528 1239; x_wconf 83' lang='lat' dir='ltr'>Artemidor.</span> <span class='ocrx_word' id='word_1_149' title='bbox 547 1201 727 1238; x_wconf 88' lang='lat' dir='ltr'>Onirocr.</span> <span class='ocrx_word' id='word_1_150' title='bbox 747 1204 839 1243; x_wconf 84' lang='lat'><strong>112.</strong></span> <span class='ocrx_word' id='word_1_151' title='bbox 866 1201 907 1239; x_wconf 91' lang='lat' dir='ltr'>C.</span> <span class='ocrx_word' id='word_1_152' title='bbox 929 1201 960 1238; x_wconf 91' lang='lat' dir='ltr'>si</span> <span class='ocrx_word' id='word_1_153' title='bbox 978 1201 1081 1239; x_wconf 88' lang='lat' dir='ltr'>servi</span> <span class='ocrx_word' id='word_1_154' title='bbox 1103 1202 1151 1238; x_wconf 90' lang='lat' dir='ltr'>de</span> <span class='ocrx_word' id='word_1_155' title='bbox 1170 1201 1265 1239; x_wconf 85' lang='lat' dir='ltr'>oleis</span> <span class='ocrx_word' id='word_1_156' title='bbox 1285 1201 1490 1249; x_wconf 83' lang='lat' dir='ltr'><em>somnient,</em></span> <span class='ocrx_word' id='word_1_157' title='bbox 1507 1200 1551 1239; x_wconf 87' lang='lat' dir='ltr'>id</span> <span class='ocrx_word' id='word_1_158' title='bbox 1568 1201 1617 1239; x_wconf 89' lang='lat' dir='ltr'>iis</span> <span class='ocrx_word' id='word_1_159' title='bbox 1635 1214 1744 1246; x_wconf 16' lang='lat' dir='ltr'>ver-A</span> 
     </span>
     <span class='ocr_line' id='line_1_19' title="bbox 289 1254 1724 1311; baseline 0.001 -17"><span class='ocrx_word' id='word_1_160' title='bbox 289 1257 382 1294; x_wconf 90' lang='lat' dir='ltr'>bera</span> <span class='ocrx_word' id='word_1_161' title='bbox 397 1256 613 1307; x_wconf 82' lang='lat' dir='ltr'>praesagire</span> <span class='ocrx_word' id='word_1_162' title='bbox 633 1257 707 1305; x_wconf 88' lang='lat' dir='ltr'>ait,</span> <span class='ocrx_word' id='word_1_163' title='bbox 738 1254 803 1306; x_wconf 73' lang='grc' dir='ltr'>ὃιοξ</span> <span class='ocrx_word' id='word_1_164' title='bbox 822 1254 865 1296; x_wconf 79' lang='grc' dir='ltr'>τὸ</span> <span class='ocrx_word' id='word_1_165' title='bbox 880 1254 974 1307; x_wconf 64' lang='lat' dir='ltr'>ueto?</span> <span class='ocrx_word' id='word_1_166' title='bbox 994 1259 1156 1309; x_wconf 72' lang='grc' dir='ltr'><strong><em>πληγῶν</em></strong></span> <span class='ocrx_word' id='word_1_167' title='bbox 1176 1254 1244 1297; x_wconf 73' lang='grc' dir='ltr'><strong><em>τὸν</em></strong></span> <span class='ocrx_word' id='word_1_168' title='bbox 1260 1255 1413 1309; x_wconf 78' lang='grc' dir='ltr'><strong><em>καρπὸν</em></strong></span> <span class='ocrx_word' id='word_1_169' title='bbox 1430 1261 1724 1311; x_wconf 78' lang='grc' dir='ltr'><strong><em>καθαιρεῖσθαι,</em></strong></span> 
     </span>
     <span class='ocr_line' id='line_1_20' title="bbox 286 1310 1562 1363; baseline 0.001 -13"><span class='ocrx_word' id='word_1_170' title='bbox 286 1319 494 1363; x_wconf 79' lang='lat' dir='ltr'>propterea</span> <span class='ocrx_word' id='word_1_171' title='bbox 525 1310 634 1363; x_wconf 80' lang='lat' dir='ltr'>quod</span> <span class='ocrx_word' id='word_1_172' title='bbox 657 1326 749 1348; x_wconf 79' lang='lat' dir='ltr'>cum</span> <span class='ocrx_word' id='word_1_173' title='bbox 760 1312 1079 1363; x_wconf 67' lang='lat' dir='ltr'>plagi-sfi’uctzcs</span> <span class='ocrx_word' id='word_1_174' title='bbox 1099 1313 1278 1350; x_wconf 82' lang='lat' dir='ltr'>olearum</span> <span class='ocrx_word' id='word_1_175' title='bbox 1297 1313 1562 1352; x_wconf 75' lang='lat' dir='ltr'>decutiantur.</span> 
     </span>
    </p>

    <p class='ocr_par' dir='ltr' id='par_1_3' title="bbox 287 1364 1723 1588">
     <span class='ocr_line' id='line_1_21' title="bbox 400 1364 1722 1422; baseline 0.001 -18"><span class='ocrx_word' id='word_1_176' title='bbox 400 1370 503 1419; x_wconf 80' lang='lat' dir='ltr'><strong>Pag.</strong></span> <span class='ocrx_word' id='word_1_177' title='bbox 535 1371 600 1409; x_wconf 89' lang='lat'>86.</span> <span class='ocrx_word' id='word_1_178' title='bbox 629 1369 704 1406; x_wconf 87' lang='lat' dir='ltr'><em>lin.</em></span> <span class='ocrx_word' id='word_1_179' title='bbox 734 1370 797 1409; x_wconf 90' lang='grc'>10.</span> <span class='ocrx_word' id='word_1_180' title='bbox 826 1371 906 1407; x_wconf 76' lang='grc' dir='ltr'><strong><em>τῶν</em></strong></span> <span class='ocrx_word' id='word_1_181' title='bbox 950 1364 1090 1418; x_wconf 82' lang='grc' dir='ltr'><strong><em>φόνων</em></strong></span> <span class='ocrx_word' id='word_1_182' title='bbox 1126 1372 1205 1408; x_wconf 75' lang='grc' dir='ltr'><strong><em>τῶν</em></strong></span> <span class='ocrx_word' id='word_1_183' title='bbox 1246 1365 1427 1422; x_wconf 65' lang='grc' dir='ltr'><strong><em>ἀνδρῶν]</em></strong></span> <span class='ocrx_word' id='word_1_184' title='bbox 1467 1367 1722 1418; x_wconf 83' lang='lat' dir='ltr'>coniecturis,</span> 
     </span>
     <span class='ocr_line' id='line_1_22' title="bbox 290 1423 1723 1476; baseline 0.001 -15"><span class='ocrx_word' id='word_1_185' title='bbox 290 1437 387 1475; x_wconf 86' lang='lat' dir='ltr'>quas</span> <span class='ocrx_word' id='word_1_186' title='bbox 417 1424 466 1461; x_wconf 88' lang='lat' dir='ltr'>ad</span> <span class='ocrx_word' id='word_1_187' title='bbox 494 1437 601 1461; x_wconf 84' lang='lat' dir='ltr'>oram</span> <span class='ocrx_word' id='word_1_188' title='bbox 632 1423 817 1474; x_wconf 87' lang='lat' dir='ltr'>apposui,</span> <span class='ocrx_word' id='word_1_189' title='bbox 845 1424 959 1473; x_wconf 84' lang='lat' dir='ltr'>longe</span> <span class='ocrx_word' id='word_1_190' title='bbox 982 1430 1154 1475; x_wconf 84' lang='lat' dir='ltr'>praestat</span> <span class='ocrx_word' id='word_1_191' title='bbox 1182 1425 1323 1462; x_wconf 90' lang='lat' dir='ltr'>summi</span> <span class='ocrx_word' id='word_1_192' title='bbox 1339 1424 1417 1464; x_wconf 87' lang='lat' dir='ltr'>viri</span> <span class='ocrx_word' id='word_1_193' title='bbox 1435 1423 1576 1474; x_wconf 85' lang='lat' dir='ltr'>Krugii</span> <span class='ocrx_word' id='word_1_194' title='bbox 1597 1437 1723 1476; x_wconf 81' lang='lat' dir='ltr'>prope</span> 
     </span>
     <span class='ocr_line' id='line_1_23' title="bbox 289 1476 1723 1530; baseline 0.003 -13"><span class='ocrx_word' id='word_1_195' title='bbox 289 1485 397 1517; x_wconf 87' lang='lat' dir='ltr'>certa</span> <span class='ocrx_word' id='word_1_196' title='bbox 419 1478 634 1516; x_wconf 80' lang='lat' dir='ltr'>emendatio</span> <span class='ocrx_word' id='word_1_197' title='bbox 651 1479 793 1517; x_wconf 87' lang='lat' dir='ltr'>litteris</span> <span class='ocrx_word' id='word_1_198' title='bbox 810 1493 965 1517; x_wconf 86' lang='lat' dir='ltr'>mecum</span> <span class='ocrx_word' id='word_1_199' title='bbox 983 1479 1286 1529; x_wconf 82' lang='lat' dir='ltr'>communicata,</span> <span class='ocrx_word' id='word_1_200' title='bbox 1314 1483 1395 1520; x_wconf 78' lang='grc' dir='ltr'><strong><em>τῶν</em></strong></span> <span class='ocrx_word' id='word_1_201' title='bbox 1413 1476 1632 1530; x_wconf 64' lang='grc' dir='ltr'><strong><em>φοιτώντων</em></strong></span> <span class='ocrx_word' id='word_1_202' title='bbox 1649 1477 1723 1520; x_wconf 81' lang='grc' dir='ltr'><strong><em>οἷν-</em></strong></span> 
     </span>
     <span class='ocr_line' id='line_1_24' title="bbox 287 1530 1092 1588; baseline 0.001 -17"><span class='ocrx_word' id='word_1_203' title='bbox 287 1536 416 1588; x_wconf 75' lang='grc' dir='ltr'><strong><em>δρῶν,</em></strong></span> <span class='ocrx_word' id='word_1_204' title='bbox 445 1549 466 1571; x_wconf 87' lang='lat' dir='ltr'>a</span> <span class='ocrx_word' id='word_1_205' title='bbox 484 1530 642 1585; x_wconf 74' lang='grc' dir='ltr'><strong><em>φονάω,</em></strong></span> <span class='ocrx_word' id='word_1_206' title='bbox 675 1533 807 1571; x_wconf 74' lang='lat' dir='ltr'>caedis</span> <span class='ocrx_word' id='word_1_207' title='bbox 823 1534 972 1572; x_wconf 74' lang='lat' dir='ltr'>avidus·</span> <span class='ocrx_word' id='word_1_208' title='bbox 991 1549 1092 1572; x_wconf 77' lang='lat' dir='ltr'>sum.</span> 
     </span>
    </p>

    <p class='ocr_par' dir='ltr' id='par_1_4' title="bbox 283 1586 1748 1752">
     <span class='ocr_line' id='line_1_25' title="bbox 396 1586 1748 1645; baseline 0.001 -18"><span class='ocrx_word' id='word_1_209' title='bbox 396 1593 500 1642; x_wconf 74' lang='lat' dir='ltr'><strong>Pag.</strong></span> <span class='ocrx_word' id='word_1_210' title='bbox 529 1594 594 1632; x_wconf 86' lang='lat'>87.</span> <span class='ocrx_word' id='word_1_211' title='bbox 623 1591 692 1627; x_wconf 86' lang='lat' dir='ltr'>lin.</span> <span class='ocrx_word' id='word_1_212' title='bbox 721 1593 763 1632; x_wconf 86' lang='lat'>7.</span> <span class='ocrx_word' id='word_1_213' title='bbox 790 1593 861 1641; x_wconf 83' lang='grc' dir='ltr'>τῆς</span> <span class='ocrx_word' id='word_1_214' title='bbox 875 1586 1040 1644; x_wconf 74' lang='grc' dir='ltr'><strong><em>η’πέείρου</em></strong></span> <span class='ocrx_word' id='word_1_215' title='bbox 1062 1591 1394 1644; x_wconf 80' lang='grc' dir='ltr'><strong><em>προσεπιβαίνων]</em></strong></span> <span class='ocrx_word' id='word_1_216' title='bbox 1411 1591 1585 1630; x_wconf 82' lang='lat' dir='ltr'>Verbum</span> <span class='ocrx_word' id='word_1_217' title='bbox 1601 1603 1722 1645; x_wconf 85' lang='grc' dir='ltr'><strong><em>προσ-</em></strong></span> <span class='ocrx_word' id='word_1_218' title='bbox 1746 1620 1748 1629; x_wconf 77' lang='grc'><strong>,</strong></span> 
     </span>
     <span class='ocr_line' id='line_1_26' title="bbox 287 1645 1723 1699; baseline 0 -13"><span class='ocrx_word' id='word_1_219' title='bbox 287 1647 478 1698; x_wconf 86' lang='grc' dir='ltr'><strong><em>επιβαίνω</em></strong></span> <span class='ocrx_word' id='word_1_220' title='bbox 502 1645 624 1698; x_wconf 90' lang='lat' dir='ltr'>(quod</span> <span class='ocrx_word' id='word_1_221' title='bbox 642 1659 723 1683; x_wconf 86' lang='lat' dir='ltr'>non</span> <span class='ocrx_word' id='word_1_222' title='bbox 742 1652 800 1683; x_wconf 83' lang='lat' dir='ltr'>est</span> <span class='ocrx_word' id='word_1_223' title='bbox 826 1647 870 1683; x_wconf 88' lang='lat' dir='ltr'>in</span> <span class='ocrx_word' id='word_1_224' title='bbox 885 1645 1051 1699; x_wconf 85' lang='lat' dir='ltr'>Lexicis)</span> <span class='ocrx_word' id='word_1_225' title='bbox 1080 1648 1156 1685; x_wconf 87' lang='lat' dir='ltr'>Leo</span> <span class='ocrx_word' id='word_1_226' title='bbox 1179 1647 1296 1685; x_wconf 90' lang='lat' dir='ltr'>modo</span> <span class='ocrx_word' id='word_1_227' title='bbox 1317 1661 1406 1685; x_wconf 88' lang='lat' dir='ltr'>cum</span> <span class='ocrx_word' id='word_1_228' title='bbox 1433 1647 1604 1698; x_wconf 83' lang='lat' dir='ltr'>genitivo</span> <span class='ocrx_word' id='word_1_229' title='bbox 1629 1661 1723 1688; x_wconf 80' lang='lat' dir='ltr'>con-</span> 
     </span>
     <span class='ocr_line' id='line_1_27' title="bbox 283 1701 1748 1752; baseline 0.003 -14"><span class='ocrx_word' id='word_1_230' title='bbox 283 1703 422 1750; x_wconf 86' lang='lat' dir='ltr'>struit,</span> <span class='ocrx_word' id='word_1_231' title='bbox 450 1703 560 1740; x_wconf 85' lang='lat' dir='ltr'>velut</span> <span class='ocrx_word' id='word_1_232' title='bbox 572 1701 639 1738; x_wconf 86' lang='lat' dir='ltr'>hic</span> <span class='ocrx_word' id='word_1_233' title='bbox 652 1733 663 1751; x_wconf 88' lang='lat'>,</span> <span class='ocrx_word' id='word_1_234' title='bbox 691 1705 756 1743; x_wconf 85' lang='lat'>60.</span> <span class='ocrx_word' id='word_1_235' title='bbox 773 1702 818 1740; x_wconf 88' lang='lat' dir='ltr'>B.</span> <span class='ocrx_word' id='word_1_236' title='bbox 838 1708 876 1739; x_wconf 88' lang='lat' dir='ltr'>et</span> <span class='ocrx_word' id='word_1_237' title='bbox 895 1706 959 1744; x_wconf 88' lang='lat'>97.</span> <span class='ocrx_word' id='word_1_238' title='bbox 978 1703 1023 1743; x_wconf 92' lang='lat' dir='ltr'>D.</span> <span class='ocrx_word' id='word_1_239' title='bbox 1042 1703 1159 1740; x_wconf 88' lang='lat' dir='ltr'>modo</span> <span class='ocrx_word' id='word_1_240' title='bbox 1181 1717 1270 1741; x_wconf 89' lang='lat' dir='ltr'>cum</span> <span class='ocrx_word' id='word_1_241' title='bbox 1288 1703 1442 1752; x_wconf 86' lang='lat' dir='ltr'>dativo,</span> <span class='ocrx_word' id='word_1_242' title='bbox 1471 1709 1519 1742; x_wconf 86' lang='lat' dir='ltr'>ut</span> <span class='ocrx_word' id='word_1_243' title='bbox 1534 1707 1571 1746; x_wconf 87' lang='lat'>6.</span> <span class='ocrx_word' id='word_1_244' title='bbox 1587 1703 1631 1742; x_wconf 87' lang='lat' dir='ltr'>B.</span> <span class='ocrx_word' id='word_1_245' title='bbox 1650 1703 1718 1749; x_wconf 71' lang='lat'><strong>42.</strong></span> <span class='ocrx_word' id='word_1_246' title='bbox 1746 1705 1748 1707; x_wconf 75' lang='grc'><strong>’</strong></span> 
     </span>
    </p>

    <p class='ocr_par' dir='ltr' id='par_1_5' title="bbox 247 1757 1748 2750">
     <span class='ocr_line' id='line_1_28' title="bbox 247 1757 1721 1810; baseline 0 -14"><span class='ocrx_word' id='word_1_247' title='bbox 247 1758 329 1797; x_wconf 89' lang='lat' dir='ltr'>DC.</span> <span class='ocrx_word' id='word_1_248' title='bbox 384 1758 530 1795; x_wconf 89' lang='lat' dir='ltr'>Eodem</span> <span class='ocrx_word' id='word_1_249' title='bbox 562 1771 651 1795; x_wconf 90' lang='lat' dir='ltr'>casu</span> <span class='ocrx_word' id='word_1_250' title='bbox 668 1763 727 1795; x_wconf 87' lang='lat' dir='ltr'>est</span> <span class='ocrx_word' id='word_1_251' title='bbox 749 1757 855 1809; x_wconf 85' lang='lat' dir='ltr'>apud</span> <span class='ocrx_word' id='word_1_252' title='bbox 874 1757 1211 1810; x_wconf 74' lang='lat' dir='ltr'>Theophylactum</span> <span class='ocrx_word' id='word_1_253' title='bbox 1240 1759 1356 1799; x_wconf 57' lang='lat' dir='ltr'>Orat:</span> <span class='ocrx_word' id='word_1_254' title='bbox 1367 1759 1416 1797; x_wconf 86' lang='lat' dir='ltr'>de</span> <span class='ocrx_word' id='word_1_255' title='bbox 1438 1760 1579 1796; x_wconf 87' lang='lat' dir='ltr'>Sancta</span> <span class='ocrx_word' id='word_1_256' title='bbox 1595 1760 1721 1797; x_wconf 88' lang='lat' dir='ltr'>Cruce</span> 
     </span>
     <span class='ocr_line' id='line_1_29' title="bbox 285 1809 1720 1869; baseline -0.001 -15"><span class='ocrx_word' id='word_1_257' title='bbox 285 1816 379 1855; x_wconf 86' lang='grc'><strong>398.</strong></span> <span class='ocrx_word' id='word_1_258' title='bbox 403 1814 443 1851; x_wconf 87' lang='lat' dir='ltr'>C.</span> <span class='ocrx_word' id='word_1_259' title='bbox 471 1809 788 1865; x_wconf 68' lang='grc' dir='ltr'><strong><em>προσεπίβαίνων</em></strong></span> <span class='ocrx_word' id='word_1_260' title='bbox 804 1816 854 1868; x_wconf 78' lang='grc' dir='ltr'>τῇ</span> <span class='ocrx_word' id='word_1_261' title='bbox 875 1816 939 1869; x_wconf 78' lang='grc' dir='ltr'>γῇ.</span> <span class='ocrx_word' id='word_1_262' title='bbox 995 1815 1218 1865; x_wconf 86' lang='lat' dir='ltr'>Usurpatur</span> <span class='ocrx_word' id='word_1_263' title='bbox 1234 1815 1349 1852; x_wconf 76' lang='lat' dir='ltr'>etiam</span> <span class='ocrx_word' id='word_1_264' title='bbox 1367 1829 1388 1852; x_wconf 89' lang='lat' dir='ltr'>a</span> <span class='ocrx_word' id='word_1_265' title='bbox 1409 1814 1570 1853; x_wconf 86' lang='lat' dir='ltr'>Philone</span> <span class='ocrx_word' id='word_1_266' title='bbox 1589 1815 1646 1855; x_wconf 86' lang='lat' dir='ltr'>De</span> <span class='ocrx_word' id='word_1_267' title='bbox 1662 1821 1720 1852; x_wconf 87' lang='lat' dir='ltr'>te-</span> 
     </span>
     <span class='ocr_line' id='line_1_30' title="bbox 284 1868 1746 1922; baseline 0.001 -16"><span class='ocrx_word' id='word_1_268' title='bbox 284 1869 475 1906; x_wconf 82' lang='lat' dir='ltr'>mulentia</span> <span class='ocrx_word' id='word_1_269' title='bbox 495 1873 586 1912; x_wconf 88' lang='grc'><strong>197.</strong></span> <span class='ocrx_word' id='word_1_270' title='bbox 602 1870 644 1906; x_wconf 92' lang='grc' dir='ltr'>Ε.</span> <span class='ocrx_word' id='word_1_271' title='bbox 665 1868 732 1908; x_wconf 87' lang='grc' dir='ltr'><strong><em>καὶ</em></strong></span> <span class='ocrx_word' id='word_1_272' title='bbox 746 1870 1067 1922; x_wconf 76' lang='grc' dir='ltr'><strong><em>προσεπιβαίνειν</em></strong></span> <span class='ocrx_word' id='word_1_273' title='bbox 1084 1869 1264 1922; x_wconf 78' lang='grc' dir='ltr'><strong><em>ἠξίωσεν,</em></strong></span> <span class='ocrx_word' id='word_1_274' title='bbox 1292 1870 1362 1908; x_wconf 88' lang='lat' dir='ltr'>ubi</span> <span class='ocrx_word' id='word_1_275' title='bbox 1377 1870 1720 1922; x_wconf 77' lang='lat' dir='ltr'>exponiturprae-</span> <span class='ocrx_word' id='word_1_276' title='bbox 1743 1875 1746 1877; x_wconf 75' lang='grc'><strong>’</strong></span> 
     </span>
     <span class='ocr_line' id='line_1_31' title="bbox 285 1925 1719 1980; baseline 0.003 -21"><span class='ocrx_word' id='word_1_277' title='bbox 285 1927 476 1963; x_wconf 64' lang='lat' dir='ltr'>vai-icari.</span> <span class='ocrx_word' id='word_1_278' title='bbox 531 1925 703 1963; x_wconf 86' lang='lat' dir='ltr'>Alterius</span> <span class='ocrx_word' id='word_1_279' title='bbox 720 1925 986 1977; x_wconf 87' lang='lat' dir='ltr'>decompositi,</span> <span class='ocrx_word' id='word_1_280' title='bbox 1013 1927 1360 1980; x_wconf 62' lang='grc' dir='ltr'>προσεπςεμβαίνιιι),&gt;</span> <span class='ocrx_word' id='word_1_281' title='bbox 1381 1926 1589 1964; x_wconf 75' lang='lat' dir='ltr'>secundam</span> <span class='ocrx_word' id='word_1_282' title='bbox 1612 1925 1719 1976; x_wconf 87' lang='lat' dir='ltr'>figu-</span> 
     </span>
     <span class='ocr_line' id='line_1_32' title="bbox 285 1980 1718 2032; baseline 0.003 -17"><span class='ocrx_word' id='word_1_283' title='bbox 285 1985 488 2030; x_wconf 80' lang='lat' dir='ltr'>ratamque</span> <span class='ocrx_word' id='word_1_284' title='bbox 516 1980 858 2029; x_wconf 82' lang='lat' dir='ltr'>significationem,</span> <span class='ocrx_word' id='word_1_285' title='bbox 889 1981 1058 2028; x_wconf 79' lang='lat' dir='ltr'>insulto,</span> <span class='ocrx_word' id='word_1_286' title='bbox 1087 1981 1256 2030; x_wconf 85' lang='lat' dir='ltr'>irrideo,</span> <span class='ocrx_word' id='word_1_287' title='bbox 1284 1995 1401 2032; x_wconf 82' lang='lat' dir='ltr'>aeque</span> <span class='ocrx_word' id='word_1_288' title='bbox 1425 1982 1470 2019; x_wconf 90' lang='lat' dir='ltr'>in</span> <span class='ocrx_word' id='word_1_289' title='bbox 1493 1982 1718 2020; x_wconf 81' lang='lat' dir='ltr'>novissimis</span> 
     </span>
     <span class='ocr_line' id='line_1_33' title="bbox 286 2035 1748 2088; baseline 0.001 -16"><span class='ocrx_word' id='word_1_290' title='bbox 286 2035 517 2086; x_wconf 84' lang='lat' dir='ltr'>optimisque</span> <span class='ocrx_word' id='word_1_291' title='bbox 544 2037 699 2074; x_wconf 77' lang='lat' dir='ltr'>Lexicis</span> <span class='ocrx_word' id='word_1_292' title='bbox 720 2037 835 2074; x_wconf 84' lang='lat' dir='ltr'>video</span> <span class='ocrx_word' id='word_1_293' title='bbox 856 2037 1174 2087; x_wconf 87' lang='lat' dir='ltr'>praetermissam.</span> <span class='ocrx_word' id='word_1_294' title='bbox 1230 2038 1464 2088; x_wconf 79' lang='lat' dir='ltr'>Quanquam</span> <span class='ocrx_word' id='word_1_295' title='bbox 1481 2051 1565 2075; x_wconf 86' lang='lat' dir='ltr'>non</span> <span class='ocrx_word' id='word_1_296' title='bbox 1586 2036 1718 2076; x_wconf 83' lang='lat' dir='ltr'>desint</span> <span class='ocrx_word' id='word_1_297' title='bbox 1744 2069 1748 2073; x_wconf 24' lang='grc' dir='ltr'><em>Α</em></span> 
     </span>
     <span class='ocr_line' id='line_1_34' title="bbox 281 2088 1715 2142; baseline 0.003 -15"><span class='ocrx_word' id='word_1_298' title='bbox 281 2088 399 2127; x_wconf 85' lang='lat' dir='ltr'>huius</span> <span class='ocrx_word' id='word_1_299' title='bbox 424 2104 516 2129; x_wconf 91' lang='lat' dir='ltr'>usus</span> <span class='ocrx_word' id='word_1_300' title='bbox 551 2092 800 2129; x_wconf 86' lang='lat' dir='ltr'>auctoritates</span> <span class='ocrx_word' id='word_1_301' title='bbox 825 2091 997 2131; x_wconf 90' lang='lat' dir='ltr'>idoneae.</span> <span class='ocrx_word' id='word_1_302' title='bbox 1038 2094 1076 2130; x_wconf 94' lang='lat' dir='ltr'>S.</span> <span class='ocrx_word' id='word_1_303' title='bbox 1107 2093 1244 2131; x_wconf 91' lang='lat' dir='ltr'>Ioann.</span> <span class='ocrx_word' id='word_1_304' title='bbox 1275 2092 1576 2142; x_wconf 78' lang='lat' dir='ltr'>chrysostomus</span> <span class='ocrx_word' id='word_1_305' title='bbox 1606 2093 1715 2132; x_wconf 86' lang='lat' dir='ltr'>Orat.</span> 
     </span>
     <span class='ocr_line' id='line_1_35' title="bbox 281 2145 1746 2200; baseline 0 -12"><span class='ocrx_word' id='word_1_306' title='bbox 281 2158 325 2182; x_wconf 88' lang='lat'>11·</span> <span class='ocrx_word' id='word_1_307' title='bbox 356 2145 398 2182; x_wconf 80' lang='lat' dir='ltr'>in</span> <span class='ocrx_word' id='word_1_308' title='bbox 419 2147 549 2184; x_wconf 70' lang='lat' dir='ltr'><strong>Lazar·</strong></span> <span class='ocrx_word' id='word_1_309' title='bbox 567 2148 609 2187; x_wconf 90' lang='lat' dir='ltr'>V.</span> <span class='ocrx_word' id='word_1_310' title='bbox 629 2148 720 2190; x_wconf 81' lang='lat'><strong>241.</strong></span> <span class='ocrx_word' id='word_1_311' title='bbox 741 2150 806 2190; x_wconf 84' lang='grc'>28.</span> <span class='ocrx_word' id='word_1_312' title='bbox 832 2145 887 2199; x_wconf 76' lang='grc' dir='ltr'><strong><em>μή</em></strong></span> <span class='ocrx_word' id='word_1_313' title='bbox 903 2149 1299 2200; x_wconf 76' lang='grc' dir='ltr'><strong><em>προσεπεμβαίνωμεν</em></strong></span> <span class='ocrx_word' id='word_1_314' title='bbox 1314 2145 1438 2188; x_wconf 71' lang='grc' dir='ltr'><strong><em>αὐτοῦ</em></strong></span> <span class='ocrx_word' id='word_1_315' title='bbox 1460 2152 1545 2196; x_wconf 85' lang='grc' dir='ltr'><strong><em>ταῖς</em></strong></span> <span class='ocrx_word' id='word_1_316' title='bbox 1563 2160 1715 2200; x_wconf 85' lang='grc' dir='ltr'><strong><em>συμφο-</em></strong></span> <span class='ocrx_word' id='word_1_317' title='bbox 1742 2178 1746 2188; x_wconf 36' lang='grc' dir='ltr'><strong>ἶ</strong></span> 
     </span>
     <span class='ocr_line' id='line_1_36' title="bbox 280 2199 1747 2258; baseline 0.001 -19"><span class='ocrx_word' id='word_1_318' title='bbox 280 2204 379 2252; x_wconf 82' lang='grc' dir='ltr'>ραῖς.</span> <span class='ocrx_word' id='word_1_319' title='bbox 436 2202 741 2254; x_wconf 86' lang='lat' dir='ltr'>Olympiodorus</span> <span class='ocrx_word' id='word_1_320' title='bbox 768 2204 908 2240; x_wconf 89' lang='lat' dir='ltr'>Catena</span> <span class='ocrx_word' id='word_1_321' title='bbox 934 2204 975 2240; x_wconf 91' lang='lat' dir='ltr'>in</span> <span class='ocrx_word' id='word_1_322' title='bbox 1001 2204 1101 2241; x_wconf 86' lang='lat' dir='ltr'>beat.</span> <span class='ocrx_word' id='word_1_323' title='bbox 1127 2203 1197 2242; x_wconf 87' lang='lat' dir='ltr'>Job</span> <span class='ocrx_word' id='word_1_324' title='bbox 1215 2207 1309 2247; x_wconf 86' lang='grc'><strong>329.</strong></span> <span class='ocrx_word' id='word_1_325' title='bbox 1331 2204 1371 2243; x_wconf 91' lang='lat' dir='ltr'>C.</span> <span class='ocrx_word' id='word_1_326' title='bbox 1393 2201 1490 2243; x_wconf 77' lang='grc' dir='ltr'><strong><em>κατὰ</em></strong></span> <span class='ocrx_word' id='word_1_327' title='bbox 1504 2199 1714 2258; x_wconf 77' lang='grc' dir='ltr'><strong><em>πρόσωπον</em></strong></span> <span class='ocrx_word' id='word_1_328' title='bbox 1743 2238 1747 2241; x_wconf 88' lang='grc'><strong>.</strong></span> 
     </span>
     <span class='ocr_line' id='line_1_37' title="bbox 279 2257 1745 2310; baseline 0.001 -16"><span class='ocrx_word' id='word_1_329' title='bbox 279 2257 489 2307; x_wconf 74' lang='grc' dir='ltr'><strong><em>λοιδορεῖ-τέ</em></strong></span> <span class='ocrx_word' id='word_1_330' title='bbox 510 2273 576 2308; x_wconf 88' lang='grc' dir='ltr'>με,</span> <span class='ocrx_word' id='word_1_331' title='bbox 605 2258 671 2298; x_wconf 79' lang='grc' dir='ltr'><strong><em>καὶ</em></strong></span> <span class='ocrx_word' id='word_1_332' title='bbox 698 2258 1048 2310; x_wconf 82' lang='grc' dir='ltr'><strong><em>προσεπεμβαίνετέ</em></strong></span> <span class='ocrx_word' id='word_1_333' title='bbox 1064 2274 1140 2310; x_wconf 87' lang='grc' dir='ltr'><strong>μοι.</strong></span> <span class='ocrx_word' id='word_1_334' title='bbox 1198 2259 1307 2306; x_wconf 87' lang='lat' dir='ltr'>Quae</span> <span class='ocrx_word' id='word_1_335' title='bbox 1323 2260 1408 2297; x_wconf 88' lang='lat' dir='ltr'>loca</span> <span class='ocrx_word' id='word_1_336' title='bbox 1422 2287 1433 2304; x_wconf 90' lang='lat'>‚</span> <span class='ocrx_word' id='word_1_337' title='bbox 1463 2265 1533 2298; x_wconf 86' lang='lat' dir='ltr'>aut</span> <span class='ocrx_word' id='word_1_338' title='bbox 1556 2259 1712 2310; x_wconf 81' lang='lat' dir='ltr'>similia,</span> <span class='ocrx_word' id='word_1_339' title='bbox 1734 2257 1745 2284; x_wconf 63' lang='grc' dir='ltr'><em>ἶ</em></span> 
     </span>
     <span class='ocr_line' id='line_1_38' title="bbox 279 2310 1713 2367; baseline 0.004 -19"><span class='ocrx_word' id='word_1_340' title='bbox 279 2310 476 2362; x_wconf 82' lang='lat' dir='ltr'>Hesychio</span> <span class='ocrx_word' id='word_1_341' title='bbox 502 2313 701 2350; x_wconf 83' lang='lat' dir='ltr'>obversata</span> <span class='ocrx_word' id='word_1_342' title='bbox 722 2321 823 2363; x_wconf 90' lang='lat' dir='ltr'>sunt,</span> <span class='ocrx_word' id='word_1_343' title='bbox 855 2327 943 2351; x_wconf 89' lang='lat' dir='ltr'>cum</span> <span class='ocrx_word' id='word_1_344' title='bbox 961 2315 989 2354; x_wconf 89' lang='grc' dir='ltr'>Ι.</span> <span class='ocrx_word' id='word_1_345' title='bbox 1014 2315 1132 2356; x_wconf 84' lang='lat'><strong>1044.</strong></span> <span class='ocrx_word' id='word_1_346' title='bbox 1159 2314 1203 2353; x_wconf 90' lang='lat' dir='ltr'>B.</span> <span class='ocrx_word' id='word_1_347' title='bbox 1234 2316 1572 2367; x_wconf 78' lang='grc' dir='ltr'><strong><em>Προσεπεμβαίνει</em></strong></span> <span class='ocrx_word' id='word_1_348' title='bbox 1589 2315 1713 2354; x_wconf 82' lang='lat' dir='ltr'>inter-</span> 
     </span>
     <span class='ocr_line' id='line_1_39' title="bbox 277 2365 1748 2424; baseline 0.003 -20"><span class='ocrx_word' id='word_1_349' title='bbox 277 2373 454 2418; x_wconf 80' lang='lat' dir='ltr'>pretatus</span> <span class='ocrx_word' id='word_1_350' title='bbox 473 2373 530 2405; x_wconf 86' lang='lat' dir='ltr'>est</span> <span class='ocrx_word' id='word_1_351' title='bbox 548 2365 793 2416; x_wconf 73' lang='grc' dir='ltr'><strong><em>ἕπιτωθάζει,</em></strong></span> <span class='ocrx_word' id='word_1_352' title='bbox 821 2369 989 2424; x_wconf 73' lang='grc' dir='ltr'>ἐπιγελᾷ.</span> <span class='ocrx_word' id='word_1_353' title='bbox 1029 2370 1197 2408; x_wconf 90' lang='lat' dir='ltr'>Verbum</span> <span class='ocrx_word' id='word_1_354' title='bbox 1215 2370 1436 2422; x_wconf 78' lang='grc' dir='ltr'><strong><em>ἐπεμβαίνω</em></strong></span> <span class='ocrx_word' id='word_1_355' title='bbox 1455 2371 1575 2409; x_wconf 86' lang='lat' dir='ltr'>simili</span> <span class='ocrx_word' id='word_1_356' title='bbox 1591 2383 1712 2409; x_wconf 83' lang='lat' dir='ltr'>sensu</span> <span class='ocrx_word' id='word_1_357' title='bbox 1743 2380 1748 2385; x_wconf 84' lang='grc'><em>“</em></span> 
     </span>
     <span class='ocr_line' id='line_1_40' title="bbox 277 2424 1748 2478; baseline 0.003 -20"><span class='ocrx_word' id='word_1_358' title='bbox 277 2428 499 2472; x_wconf 83' lang='lat' dir='ltr'>usurpatur,</span> <span class='ocrx_word' id='word_1_359' title='bbox 517 2429 562 2459; x_wconf 93' lang='lat' dir='ltr'>ut</span> <span class='ocrx_word' id='word_1_360' title='bbox 582 2424 656 2460; x_wconf 91' lang='lat' dir='ltr'>duo</span> <span class='ocrx_word' id='word_1_361' title='bbox 676 2424 763 2461; x_wconf 88' lang='lat' dir='ltr'>loca</span> <span class='ocrx_word' id='word_1_362' title='bbox 782 2438 832 2462; x_wconf 87' lang='lat' dir='ltr'>ex</span> <span class='ocrx_word' id='word_1_363' title='bbox 849 2426 981 2470; x_wconf 80' lang='lat' dir='ltr'>multis</span> <span class='ocrx_word' id='word_1_364' title='bbox 999 2425 1208 2475; x_wconf 86' lang='lat' dir='ltr'>nominem,</span> <span class='ocrx_word' id='word_1_365' title='bbox 1224 2426 1267 2464; x_wconf 92' lang='lat' dir='ltr'>in</span> <span class='ocrx_word' id='word_1_366' title='bbox 1283 2427 1406 2478; x_wconf 80' lang='lat' dir='ltr'>Epist.</span> <span class='ocrx_word' id='word_1_367' title='bbox 1425 2426 1580 2464; x_wconf 78' lang='lat' dir='ltr'>nomine</span> <span class='ocrx_word' id='word_1_368' title='bbox 1602 2427 1711 2463; x_wconf 78' lang='lat' dir='ltr'>Cou-</span> <span class='ocrx_word' id='word_1_369' title='bbox 1745 2430 1748 2470; x_wconf 70' lang='lat' dir='ltr'>J</span> 
     </span>
     <span class='ocr_line' id='line_1_41' title="bbox 277 2476 1710 2532; baseline 0.003 -18"><span class='ocrx_word' id='word_1_370' title='bbox 277 2476 341 2515; x_wconf 86' lang='lat' dir='ltr'><strong>cil.</strong></span> <span class='ocrx_word' id='word_1_371' title='bbox 361 2477 517 2517; x_wconf 88' lang='lat' dir='ltr'>Nicaen.</span> <span class='ocrx_word' id='word_1_372' title='bbox 537 2478 703 2529; x_wconf 86' lang='lat' dir='ltr'>scripta,</span> <span class='ocrx_word' id='word_1_373' title='bbox 734 2480 839 2532; x_wconf 85' lang='lat' dir='ltr'>apud</span> <span class='ocrx_word' id='word_1_374' title='bbox 861 2482 1010 2519; x_wconf 85' lang='lat' dir='ltr'>socrat.</span> <span class='ocrx_word' id='word_1_375' title='bbox 1030 2481 1132 2520; x_wconf 86' lang='lat' dir='ltr'>Hist.</span> <span class='ocrx_word' id='word_1_376' title='bbox 1150 2483 1297 2522; x_wconf 86' lang='lat' dir='ltr'>Eccles.</span> <span class='ocrx_word' id='word_1_377' title='bbox 1321 2485 1388 2525; x_wconf 91' lang='grc'>28.</span> <span class='ocrx_word' id='word_1_378' title='bbox 1413 2482 1460 2520; x_wconf 82' lang='grc' dir='ltr'>Δ.</span> <span class='ocrx_word' id='word_1_379' title='bbox 1482 2481 1576 2520; x_wconf 83' lang='lat' dir='ltr'>item</span> <span class='ocrx_word' id='word_1_380' title='bbox 1597 2495 1620 2518; x_wconf 83' lang='lat' dir='ltr'>a</span> <span class='ocrx_word' id='word_1_381' title='bbox 1640 2482 1710 2519; x_wconf 89' lang='lat' dir='ltr'>Ce-</span> 
     </span>
     <span class='ocr_line' id='line_1_42' title="bbox 275 2531 1748 2588; baseline 0.005 -19"><span class='ocrx_word' id='word_1_382' title='bbox 275 2531 397 2569; x_wconf 85' lang='lat' dir='ltr'>dreno</span> <span class='ocrx_word' id='word_1_383' title='bbox 428 2533 478 2573; x_wconf 90' lang='lat' dir='ltr'>II.</span> <span class='ocrx_word' id='word_1_384' title='bbox 515 2536 608 2575; x_wconf 82' lang='lat'><strong>670·</strong></span> <span class='ocrx_word' id='word_1_385' title='bbox 641 2534 686 2573; x_wconf 94' lang='lat' dir='ltr'><strong>D.</strong></span> <span class='ocrx_word' id='word_1_386' title='bbox 718 2534 774 2571; x_wconf 90' lang='lat' dir='ltr'>De</span> <span class='ocrx_word' id='word_1_387' title='bbox 798 2535 1012 2587; x_wconf 80' lang='grc' dir='ltr'><strong><em>ἐπιβαίνω,</em></strong></span> <span class='ocrx_word' id='word_1_388' title='bbox 1040 2536 1145 2574; x_wconf 84' lang='lat' dir='ltr'>idem</span> <span class='ocrx_word' id='word_1_389' title='bbox 1174 2539 1435 2587; x_wconf 85' lang='lat' dir='ltr'>significante,</span> <span class='ocrx_word' id='word_1_390' title='bbox 1464 2537 1644 2588; x_wconf 84' lang='lat' dir='ltr'>copiosus</span> <span class='ocrx_word' id='word_1_391' title='bbox 1672 2537 1709 2578; x_wconf 81' lang='lat' dir='ltr'>J.</span> <span class='ocrx_word' id='word_1_392' title='bbox 1743 2547 1748 2576; x_wconf 63' lang='grc' dir='ltr'>ξ</span> 
     </span>
     <span class='ocr_line' id='line_1_43' title="bbox 273 2586 1748 2644; baseline 0.006 -20"><span class='ocrx_word' id='word_1_393' title='bbox 273 2586 413 2625; x_wconf 80' lang='lat' dir='ltr'>Tobias</span> <span class='ocrx_word' id='word_1_394' title='bbox 433 2589 616 2627; x_wconf 87' lang='lat' dir='ltr'>Krebsius</span> <span class='ocrx_word' id='word_1_395' title='bbox 634 2589 677 2626; x_wconf 90' lang='lat' dir='ltr'>in</span> <span class='ocrx_word' id='word_1_396' title='bbox 695 2589 865 2628; x_wconf 79' lang='lat' dir='ltr'>Decretis</span> <span class='ocrx_word' id='word_1_397' title='bbox 881 2593 1146 2630; x_wconf 80' lang='lat' dir='ltr'>Romanorum</span> <span class='ocrx_word' id='word_1_398' title='bbox 1162 2607 1236 2644; x_wconf 91' lang='lat' dir='ltr'>pro</span> <span class='ocrx_word' id='word_1_399' title='bbox 1255 2593 1406 2631; x_wconf 83' lang='lat' dir='ltr'>Iudaeis</span> <span class='ocrx_word' id='word_1_400' title='bbox 1424 2592 1538 2630; x_wconf 82' lang='lat' dir='ltr'>factis</span> <span class='ocrx_word' id='word_1_401' title='bbox 1557 2593 1625 2635; x_wconf 86' lang='lat'>25.</span> <span class='ocrx_word' id='word_1_402' title='bbox 1640 2592 1706 2640; x_wconf 90' lang='grc' dir='ltr'>Β.,</span> <span class='ocrx_word' id='word_1_403' title='bbox 1740 2633 1748 2635; x_wconf 84' lang='grc'>,,</span> 
     </span>
     <span class='ocr_line' id='line_1_44' title="bbox 273 2639 1744 2700; baseline 0.008 -21"><span class='ocrx_word' id='word_1_404' title='bbox 273 2642 554 2693; x_wconf 88' lang='lat' dir='ltr'>demonstrans,</span> <span class='ocrx_word' id='word_1_405' title='bbox 584 2639 712 2682; x_wconf 77' lang='lat' dir='ltr'>omnia</span> <span class='ocrx_word' id='word_1_406' title='bbox 733 2646 814 2683; x_wconf 86' lang='lat' dir='ltr'>fere</span> <span class='ocrx_word' id='word_1_407' title='bbox 833 2647 1016 2684; x_wconf 86' lang='lat' dir='ltr'>veniendi</span> <span class='ocrx_word' id='word_1_408' title='bbox 1034 2649 1151 2686; x_wconf 81' lang='lat' dir='ltr'>verba</span> <span class='ocrx_word' id='word_1_409' title='bbox 1171 2662 1262 2687; x_wconf 85' lang='lat' dir='ltr'>cum</span> <span class='ocrx_word' id='word_1_410' title='bbox 1286 2649 1371 2700; x_wconf 78' lang='grc' dir='ltr'><em>ἐπὶ,</em></span> <span class='ocrx_word' id='word_1_411' title='bbox 1400 2647 1584 2686; x_wconf 71' lang='lat' dir='ltr'>adiuncto</span> <span class='ocrx_word' id='word_1_412' title='bbox 1611 2660 1707 2686; x_wconf 72' lang='lat' dir='ltr'>caw-</span> <span class='ocrx_word' id='word_1_413' title='bbox 1741 2679 1744 2683; x_wconf 41' lang='grc' dir='ltr'><em>ι</em></span> 
     </span>
     <span class='ocr_line' id='line_1_45' title="bbox 268 2700 1387 2750; baseline 0.009 -15"><span class='ocrx_word' id='word_1_414' title='bbox 268 2710 475 2750; x_wconf 80' lang='lat' dir='ltr'>personae,</span> <span class='ocrx_word' id='word_1_415' title='bbox 503 2701 702 2739; x_wconf 85' lang='lat' dir='ltr'>notionem</span> <span class='ocrx_word' id='word_1_416' title='bbox 720 2700 872 2738; x_wconf 86' lang='lat' dir='ltr'>hostilis</span> <span class='ocrx_word' id='word_1_417' title='bbox 894 2702 1105 2741; x_wconf 85' lang='lat' dir='ltr'>invasionis</span> <span class='ocrx_word' id='word_1_418' title='bbox 1123 2703 1277 2746; x_wconf 81' lang='lat' dir='ltr'>habere.</span> <span class='ocrx_word' id='word_1_419' title='bbox 1320 2745 1324 2747; x_wconf 12' lang='lat' dir='ltr'>a</span> <span class='ocrx_word' id='word_1_420' title='bbox 1377 2712 1387 2725; x_wconf 61' lang='lat'>²</span> 
     </span>
    </p>

    <p class='ocr_par' dir='ltr' id='par_1_6' title="bbox 116 2755 1748 2857">
     <span class='ocr_line' id='line_1_46' title="bbox 116 2755 1745 2854; baseline -0.009 -42"><span class='ocrx_word' id='word_1_421' title='bbox 116 2761 157 2796; x_wconf 78' lang='grc' dir='ltr'>Ρ·</span> <span class='ocrx_word' id='word_1_422' title='bbox 179 2762 249 2798; x_wconf 68' lang='lat'>223</span> <span class='ocrx_word' id='word_1_423' title='bbox 264 2805 312 2848; x_wconf 67' lang='lat' dir='ltr'><strong>m</strong></span> <span class='ocrx_word' id='word_1_424' title='bbox 338 2809 363 2848; x_wconf 70' lang='lat' dir='ltr'>d</span> <span class='ocrx_word' id='word_1_425' title='bbox 378 2757 575 2854; x_wconf 52' lang='lat' dir='ltr'>pag-428·</span> <span class='ocrx_word' id='word_1_426' title='bbox 605 2758 673 2795; x_wconf 74' lang='lat' dir='ltr'><em>lin·</em></span> <span class='ocrx_word' id='word_1_427' title='bbox 704 2757 768 2814; x_wconf 80' lang='lat'>15-</span> <span class='ocrx_word' id='word_1_428' title='bbox 796 2755 888 2797; x_wconf 76' lang='grc' dir='ltr'>ώσεί</span> <span class='ocrx_word' id='word_1_429' title='bbox 902 2772 989 2798; x_wconf 88' lang='grc' dir='ltr'><strong><em>τινα</em></strong></span> <span class='ocrx_word' id='word_1_430' title='bbox 1009 2757 1149 2812; x_wconf 70' lang='grc' dir='ltr'><strong><em>ἄτιμον</em></strong></span> <span class='ocrx_word' id='word_1_431' title='bbox 1168 2757 1426 2814; x_wconf 73' lang='grc' dir='ltr'><strong><em>μετανάστην]</em></strong></span> <span class='ocrx_word' id='word_1_432' title='bbox 1453 2759 1515 2799; x_wconf 79' lang='lat' dir='ltr'>Ex</span> <span class='ocrx_word' id='word_1_433' title='bbox 1533 2759 1705 2799; x_wconf 85' lang='lat' dir='ltr'>Homero</span> <span class='ocrx_word' id='word_1_434' title='bbox 1739 2792 1745 2806; x_wconf 44' lang='grc'>,.</span> 
     </span>
     <span class='ocr_line' id='line_1_47' title="bbox 314 2813 1748 2857; baseline 0.003 -9"><span class='ocrx_word' id='word_1_435' title='bbox 314 2820 335 2848; x_wconf 85' lang='lat' dir='ltr'>a</span> <span class='ocrx_word' id='word_1_436' title='bbox 365 2840 376 2851; x_wconf 98' lang='lat'>.</span> <span class='ocrx_word' id='word_1_437' title='bbox 399 2814 433 2851; x_wconf 89' lang='grc' dir='ltr'>Ι.</span> <span class='ocrx_word' id='word_1_438' title='bbox 456 2815 482 2855; x_wconf 88' lang='lat'><strong>6</strong></span> <span class='ocrx_word' id='word_1_439' title='bbox 540 2841 550 2853; x_wconf 92' lang='lat'>.</span> <span class='ocrx_word' id='word_1_440' title='bbox 584 2815 637 2853; x_wconf 87' lang='lat' dir='ltr'><strong>H.</strong></span> <span class='ocrx_word' id='word_1_441' title='bbox 657 2813 723 2857; x_wconf 86' lang='lat'><strong>59.</strong></span> <span class='ocrx_word' id='word_1_442' title='bbox 1745 2817 1748 2818; x_wconf 72' lang='grc'>’</span> 
     </span>
    </p>
   </div>
  </div>
 </body>
</html>
