1748 3094
292 181 393 228 400
455 179 458 182 ³
684 224 686 226 .
717 204 720 207 ⁴
742 188 792 232 C.
815 189 863 234 B.
892 187 1045 232 HASH
1071 188 1273 236 NOTAE

294 296 390 339 753.
406 294 463 335 A.
474 295 617 335 Paulus
636 293 926 334 Alexandrinus
949 292 1185 347 Apotelesm.
1205 293 1274 339 54.
1290 294 1337 337 Δ.
1361 295 1525 336 Ioannes
1541 295 1736 350 Philopo-

289 365 370 390 -nus
397 353 454 390 De
480 352 676 391 creatione
705 350 864 399 mundi,
894 353 990 394 208.
1023 351 1067 392 Β,
1095 351 1381 406 Polychronius
1403 354 1451 392 In
1473 353 1652 403 Iesaiam,
1679 353 1731 394 Π.

292 409 395 451 358.
408 408 455 447 A.
477 408 546 448 ἵνα
565 410 682 448 τοῦτο
702 403 1075 460 προσυπακούηται,
1105 415 1151 445 ut
1170 407 1248 446 Ιιοο
1265 407 1553 449 subaudiatur.
1608 410 1735 448 Euse-

292 464 379 502 bius
400 465 657 502 commentar.
690 464 733 500 in
757 463 947 510 psalmos,
975 464 1005 502 1.
1033 464 1100 505 48.
1120 464 1166 503 A.
1189 461 1576 536 προσυπακουόντων
1602 464 1732 517 ημων,

255 543 258 547 -
289 517 362 560 τόν
385 517 562 571 Κύριον,
592 518 660 559 καὶ
680 535 778 559 κατα
803 522 942 559 κοινοῦ
967 515 1088 559 παλιν
1113 518 1398 572 λαμβανόντων
1414 518 1464 561 τοὶ
1492 521 1603 585 ἕξῇς
1633 533 1733 572 quae

287 576 616 615 Montefalconius
636 575 919 614 vocabulorum
938 575 1210 615 technicorum
1226 577 1379 615 inscitia
1398 577 1495 615 mire
1513 577 1570 616 sic
1593 576 1734 615 reddi-

287 633 367 671 dit:
403 632 481 670 Cui
498 646 571 670 nos
586 631 889 684 respondemus,
915 632 1124 670 Dominum
1141 645 1224 670 non
1239 633 1546 682 invocaverunt,
1573 640 1611 670 et
1628 645 1733 684 quae

289 696 514 740 sequuntur
533 690 576 726 in
594 691 792 726 commum·
810 689 1053 739 accipimus:
1080 695 1292 740 notamque
1312 689 1486 727 addidit:
1519 691 1734 741 Προσυπα-

250 742 448 794 cneum),
485 744 533 782 id
561 753 646 794 est,
674 743 914 796 respondere.
983 745 1138 782 Atenim
1166 758 1298 784 sensus
1327 745 1406 783 loci
1436 751 1518 782 est:
1556 743 1656 782 adeo
1684 751 1731 782 ut

288 800 591 838 subaudiamus
612 801 840 844 Dominum,
872 808 908 838 et
925 815 998 852 per
1015 801 1213 852 figuram-
1234 816 1360 853 quam
1387 808 1532 839 vocant
1562 815 1590 838 a
1620 815 1731 838 com-

287 860 401 895 muni
427 872 679 895 resumamus
707 872 811 909 quae
841 864 1076 908 sequuntur.
1130 857 1236 895 Haec
1265 858 1350 895 dixi
1378 857 1533 907 longius
1565 858 1730 895 sortasse

287 928 404 966 quam
425 915 634 960 attinebat,
665 914 773 965 quod
793 914 1026 963 interpretes
1047 913 1270 964 caeteroqui
1291 913 1426 951 doctos
1451 913 1583 951 minus
1608 913 1731 950 intel-

285 971 426 1010 lexisse
443 971 562 1009 verba
582 983 624 1006 ea
654 970 753 1007 vidi:
785 969 1047 1020 opportunior
1062 968 1288 1007 huiusmodi
1307 983 1370 1008 res
1394 969 1647 1021 persequendi
1661 969 1728 1007 lo-

286 1039 356 1064 cus
384 1027 459 1064 erit
494 1025 536 1063 in
565 1026 762 1064 Glossario
792 1038 936 1063 vocum
973 1039 995 1062 a
1033 1025 1254 1063 scholiastis
1282 1024 1740 1076 commentatoribusque·

288 1083 444 1120 Graecis
461 1081 648 1133 peculiari
666 1095 784 1119 sensu
801 1087 1096 1131 usurpatorum,
1129 1082 1235 1133 quod
1251 1081 1327 1120 iam
1349 1081 1497 1132 pridem
1514 1081 1727 1133 inceptum,

285 1139 444 1189 quando
466 1151 529 1176 res
546 1151 653 1175 meae
676 1133 842 1177 siverint
865 1137 1061 1188 editurus,
1091 1144 1135 1175 ut
1155 1137 1204 1175 ab
1222 1137 1386 1176 eruditis
1406 1137 1596 1190 probetur
1615 1136 1730 1176 valde

284 1201 392 1247 opto.
1591 1221 1594 1223 ,

395 1253 499 1301 Pag.
521 1250 557 1292 5.
587 1251 658 1290 lin.
682 1253 718 1293 ,1.
747 1245 950 1304 ἀναλόγως
967 1248 1010 1290 δὲ
1028 1252 1100 1290 τοῦ
1116 1248 1308 1302 μεγέθους
1324 1252 1405 1290 ταῖν
1423 1245 1731 1303 συμβεβηκότων

285 1305 458 1357 ἱκέσθαι]
489 1307 544 1343 Ad
562 1307 725 1344 verbum
742 1307 821 1345 fere
834 1321 883 1344 ex
904 1305 1079 1356 Agathan,
1101 1309 1138 1348 5.
1154 1307 1194 1344 C.
1217 1310 1291 1348 τοῦ
1303 1306 1495 1361 μεγέθους
1506 1310 1585 1346 τῶν
1605 1305 1748 1358 ἔργων,

286 1377 339 1409 ως
356 1358 567 1430 ἐγγυτατω
565 1362 744 1402 ἱκέσθαι·
763 1364 868 1400 unde
881 1363 1058 1400 similitel
1067 1362 1294 1414 Xiphilinus
1304 1363 1350 1400 In
1361 1363 1626 1411 adorationem
1640 1374 1729 1399 cru.-

284 1418 340 1456 cis
359 1422 453 1461 469
476 1419 518 1458 A.-
541 1414 739 1471 ἀναλόγως
759 1422 832 1459 τοῦ
851 1419 1042 1471 μεγέθους
1055 1421 1127 1470 τῆς
1146 1418 1373 1465 ὑποθέσεως
1390 1418 1550 1458 ἱκέσθω.
1576 1414 1731 1457 ’Λναλό-

281 1490 360 1527 γως
380 1475 518 1512 melius
536 1481 669 1512 consu
673 1476 778 1512 uitur
803 1489 891 1513 cum
913 1474 1068 1523 dativo,
1101 1481 1144 1512 ut
1165 1474 1269 1526 apud
1292 1474 1542 1512 Plutarchum
1563 1475 1616 1511 De
1636 1473 1729 1525 pla-

281 1530 369 1568 eltis
398 1530 620 1582 philosoph
638 1534 732 1572 896.
755 1531 798 1568 Β.
821 1527 1025 1582 ἀναλόγως
1041 1532 1094 1583 τῇ
1119 1534 1193 1570 τοῦ
1213 1527 1359 1577 παντός
1379 1526 1560 1582 ου’ρανοιῖ
1576 1530 1727 1584 σφαῖρα

278 1587 508 1642 διῃρῆσθαι.
569 1587 623 1623 De
656 1588 806 1623 animae
834 1589 1177 1637 procreat-1022·
1214 1587 1259 1622 A.
1287 1586 1385 1622 Item
1413 1587 1450 1626 S.
1480 1569 1724 1636 Epiphanius

277 1627 476 1681 Adversus
498 1642 646 1682 haer.es
671 1642 698 1681 Ι
719 1644 812 1684 951.
836 1642 929 1684 955.
959 1641 998 1677 C.
1028 1644 1124 1682 970.
1151 1642 1190 1678 Β.
1211 1639 1427 1679 Antiochus
1445 1641 1590 1679 Homil.
1611 1640 1721 1678 XXI.

238 1698 328 1737 Dde
346 1699 592 1749 virginitate,
621 1701 743 1740 1061.
768 1698 812 1737 C.
867 1697 984 1748 Apud
1006 1696 1196 1747 quosdam
1218 1703 1350 1734 tamen
1373 1698 1609 1736 recentiores
1631 1709 1724 1735 cum

277 1754 473 1804 genitivo,
514 1755 628 1792 velut
659 1753 726 1791 hic
754 1754 796 1791 in
827 1754 977 1800 Leone,
1017 1754 1058 1790 in
1088 1751 1373 1820 Xiphilinoque
1404 1753 1521 1792 modo
1548 1752 1722 1791 laudato.

279 1811 368 1862 lpse
387 1810 652 1863 Epiphanius,
683 1811 776 1852 953·
803 1811 846 1848 Ι).
867 1805 1072 1860 οἷναλόγως
1086 1812 1158 1860 τῆς
1178 1805 1304 1849 αυτοῦ
1325 1804 1450 1856 οἷξίας.
1503 1808 1611 1847 Idem
1631 1806 1723 1846 Phi-

276 1866 441 1918 lopati-is
469 1867 627 1904 Luciani
648 1866 711 1905 ΙΙΙ.
745 1869 836 1908 609-
862 1869 925 1908 10.
954 1863 1002 1904 τὰ
1024 1863 1117 1916 χρέα
1143 1861 1491 1917 πληθυνθήσεται,
1520 1860 1723 1917 ἀναλόγως

276 1925 349 1973 τῆς
372 1919 608 1970 ἀποδόσεως·
647 1922 715 1959 ubi
732 1923 816 1959 sine
841 1934 976 1969 causa,
1007 1922 1169 1972 opinor,
1201 1922 1394 1959 Gesnerus
1416 1921 1638 1986 suspicatur
1659 1921 1722 1958 le-

277 1979 448 2027 gendum
469 1975 546 2018 nivei
579 1975 698 2031 λόγον
718 1980 789 2029 τῆς
808 1973 874 2017 ἅγιε.
932 1951 1165 2028 Pieiumque
1194 1983 1324 2014 tamen
1352 1972 1552 2029 ἀναλόγως
1576 1975 1721 2013 adver·-

278 2033 433 2071 bialiter
453 2035 630 2085 ponitur,
661 2035 807 2084 absque
829 2046 942 2070 casu.
982 2034 1093 2071 velut
1119 2033 1225 2084 apud
1249 2034 1286 2072 5.
1311 2033 1486 2070 Marcum
1507 2031 1717 2069 Eremitam

274 2088 332 2125 De
352 2090 434 2139 lege
457 2090 673 2140 spirituali,
705 2092 798 2131 873.
822 2089 867 2126 A
891 2089 933 2129 οἵ
953 2091 1224 2140 πνευματικῶς
1252 2084 1373 2128 αυτὸν
1392 2087 1535 2139 [nemp.
1556 2084 1622 2127 τὸν
1652 2084 1718 2127 νό-

275 2143 367 2196 μον]
390 2145 632 2193 ἐκτελοῦντες
648 2145 716 2185 καὶ
734 2142 935 2197 ἀναλόγως
949 2160 996 2196 τη
1003 2159 1184 2195 ςχαριτος
1203 2143 1432 2195 μετέχοντες.
1489 2143 1629 2190 Quae
1620 2156 1718 2193 ipsa,

274 2206 314 2237 et
331 2214 426 2250 quae
454 2208 692 2251 sequuntur,
723 2203 760 2239 S.
782 2201 973 2239 Macarius
996 2203 1103 2250 Aegy
1106 2200 1209 2251 ptius
1236 2200 1287 2237 ad.
1310 2199 1472 2238 verbum
1493 2198 1716 2266 exscripsit,

273 2254 421 2294 Homil.
445 2257 644 2295 XXXVII.
704 2257 757 2294 De
789 2256 992 2308 paradiso,
1022 2256 1116 2298 433.
1150 2256 1198 2296 A.
1217 2256 1315 2293 Item
1340 2255 1422 2293 sine
1452 2268 1546 2294 casu
1579 2250 1719 2294 avalo-

272 2327 352 2383 ymg
372 2318 430 2350 est
448 2313 551 2363 apud
583 2312 819 2363 Stephanum
841 2313 1002 2363 Byzant.
1038 2313 1090 2349 De
1114 2311 1197 2350 urb.
1228 2312 1269 2351 B.
1304 2313 1398 2353 381.
1426 2311 1499 2349 sub
1527 2323 1568 2352 v.
1587 2305 1714 2357 Ἦλις·

283 2370 317 2407 Ο
341 2368 503 2419 πολίτης
526 2383 602 2408 auo
623 2372 693 2418 τῆς
704 2367 868 2415 ’Ήλιδος
893 2370 1050 2420 γενικῆς
1079 2362 1278 2419 αναλόγως
1293 2363 1495 2415 Ἠλίδειος.
1549 2366 1715 2404 Ubine-

273 2423 356 2463 scio
378 2424 504 2475 quid
493 2437 535 2461 m
564 2431 730 2461 mentem
749 2424 901 2462 venerit
921 2422 1122 2471 Berkelio,
1155 2422 1453 2474 interpretanti.
1484 2424 1586 2459 civis
1605 2436 1630 2458 ιι
1645 2435 1715 2471 ge-

272 2482 401 2517 nitivo
412 2477 574 2526 ’Ἠλιδος
589 2487 745 2529 praeter
761 2482 957 2517 rationem
971 2476 1170 2525 Ἠλίόειος.
1226 2479 1548 2541 Traducendunt,
1573 2490 1716 2513 secun,-

273 2535 372 2573 dum
390 2537 605 2587 analogiae
619 2537 823 2576 rationem.
882 2535 1034 2573 Addam
1056 2548 1174 2585 porro
1192 2533 1271 2584 hic,
1296 2534 1384 2572 data
1402 2533 1616 2581 occasione,
1645 2545 1715 2583 sy·

271 2605 462 2643 nonymas
491 2592 640 2642 aliquot
669 2591 857 2641 loquendi
889 2591 1102 2639 formulas,
1133 2604 1229 2640 quae
1253 2590 1350 2629 viris
1375 2588 1515 2628 eximia
1541 2588 1713 2626 Graecae

269 2647 428 2698 linguae
455 2647 598 2700 peritia
627 2648 828 2685 instructis
858 2646 1001 2697 passim
1030 2646 1160 2684 fraudi
1187 2647 1359 2686 fuerunt.
1415 2645 1492 2683 Pro
1514 2639 1715 2696 ἀναλόγως

118 2710 158 2744 P.
183 2711 249 2746 188
271 2703 395 2753 igitur
429 2703 570 2746 Graeci
600 2703 759 2742 dicunt:
801 2706 835 2744 1.
865 2698 1073 2754 Ἀνᾶλογον
1109 2702 1407 2749 adverbialiter,
1447 2699 1554 2751 quod
1581 2705 1639 2737 est
1668 2698 1714 2736 in

266 2760 407 2809 vulgus
427 2766 587 2808 notum,
615 2772 714 2810 aque
732 2757 961 2809 Stephano
947 2771 1028 2795 mm
1044 2757 1086 2795 in
1102 2757 1298 2796 Thesauro
1315 2756 1566 2795 illustratum.
1623 2754 1712 2802 Quo

267 2816 390 2866 magis
416 2815 554 2854 mirari
576 2789 679 2855 'licet
706 2815 751 2853 in
780 2827 826 2852 eo
853 2814 1044 2855 vertendo
1083 2826 1231 2853 errasse
1259 2811 1447 2852 Huetium
1478 2812 1522 2850 in
1543 2810 1711 2862 Origene
