1760 3034
70 618 75 619 V
219 536 553 588 NICOLAI
594 535 902 586 MARIAE
947 483 1312 586 FoGGINII

122 657 1413 719 ADNOTATIONES

738 783 799 818 IN

370 873 763 917 THEonosn
801 848 1164 917 ACROASES.

478 1101 538 1140 IN
564 1078 1062 1143 PRAErA'rmNEM.

157 1211 268 1251 Vers.
297 1215 334 1255 1.
356 1205 408 1252 Ὦ
433 1204 802 1266 Μαγίἶῖτρωνῆλιε]
845 1211 1110 1266 Nicephorum
1129 1211 1298 1251 Phocam
1317 1211 1491 1264 Magistri
1514 1222 1581 1260 Ed,
1604 1223 1701 1258 Rom,

46 1268 235 1319 dignitate
266 1269 387 1307 fuisse
411 1269 641 1319 insignitum
675 1270 873 1307 Cedrenus
901 1269 1174 1320 Cur'upalates,
1203 1269 1376 1307 incertus
1397 1282 1490 1308 con-
1531 1269 1574 1304 P·
1600 1270 1670 1306 376

44 1325 224 1363 tinuator
259 1324 527 1377 Theophanis,
574 1325 771 1376 ceterique
805 1326 1018 1376 scriptores
1045 1331 1256 1364 testantur.
1310 1325 1493 1376 Magister
1529 1314 1606 1353 0⁰¹·
1630 1317 1651 1352 ²

45 1387 176 1419 autem
197 1381 402 1420 dicebatur
420 1383 574 1433 primus
591 1382 694 1419 inter
711 1381 862 1419 nobiles
882 1382 1132 1433 Imperatoris
1154 1381 1382 1431 familiares,
1411 1395 1494 1432 seu,

44 1443 92 1475 ut
121 1437 252 1488 inquit
280 1437 468 1488 Evagrius
494 1438 642 1476 Histor.
676 1438 743 1477 lib.
772 1437 841 1476 ΙΙΙ.
870 1450 956 1489 cap.
984 1441 1050 1480 29.
1078 1434 1238 1490 ἤγεμεόν
1263 1440 1342 1477 τῶν
1369 1436 1412 1478 ἔν
1443 1440 1496 1494 τῇ

45 1488 150 1548 αὐλῇ
176 1490 335 1544 τάξεων,
360 1495 593 1545 praefectus
617 1494 845 1544 officiorum
862 1495 1026 1545 palatii.
1081 1493 1188 1531 Haec
1209 1493 1398 1543 dignitas,
1429 1494 1496 1532 vel

44 1549 132 1600 ipso
160 1549 373 1587 Patriciatu
387 1549 602 1599 illustrior,
633 1556 672 1588 et
698 1549 975 1602 ὕπὲρλαμπρος
996 1548 1327 1601 Splendidissima
1349 1549 1396 1586 ab
1419 1549 1496 1588 Hi-

45 1605 201 1643 storicis
229 1605 356 1652 dicta,
384 1606 454 1644 uni
470 1607 642 1658 primum
670 1606 970 1655 conferebatur,
999 1612 1040 1644 at
1059 1606 1243 1657 deinceps
1272 1606 1415 1644 collata
1437 1611 1497 1644 est

44 1661 239 1713 pluribus,
259 1667 306 1699 ut
331 1674 380 1699 ex
398 1662 644 1714 Luitprando
662 1663 754 1701 Ber.
775 1675 847 1713 per
875 1663 1021 1713 Europ.
1042 1668 1138 1712 gest.
1165 1662 1234 1702 lib.
1258 1662 1322 1699 VI.
1345 1675 1429 1713 cap.
1454 1662 1495 1705 5.

46 1717 269 1767 colligitur,
298 1717 366 1768 qui
393 1717 535 1767 viginti
555 1724 723 1768 quatuor
744 1718 951 1768 Magistros
979 1724 1193 1756 enumerat⁴
1248 1716 1494 1756 Theodosius

45 1774 342 1824 ,Magi-stratum
363 1774 484 1811 solem
504 1774 771 1825 Nicephorum
791 1774 1008 1825 appellasse
1027 1774 1198 1823 videtur,
1227 1774 1293 1812 vel
1314 1773 1405 1825 quia
1422 1773 1495 1811 Ni-

46 1828 244 1880 cephorus
270 1827 375 1868 inter
408 1829 543 1880 plures
569 1830 719 1881 primus
745 1836 864 1878 esset,
893 1830 958 1867 vel
978 1830 1027 1867 ob
1047 1830 1250 1884 praeclara
1269 1829 1351 1868 eius
1372 1835 1494 1880 gesta,

47 1885 187 1938 quibus
213 1884 335 1922 huius
370 1885 568 1935 dignitatis
598 1886 848 1938 splendorem
878 1892 1041 1924 auxerat
1056 1886 1108 1924 ad.
1128 1892 1348 1925 ceterorum
1368 1885 1495 1936 Magi-

46 1949 222 1980 strorum
251 1942 486 1993 exemplum.

158 2001 198 2040 2.
226 1993 372 2048 Ῥώμης
390 1993 588 2049 ἕκδικητοὲ]
608 1998 762 2034 Romae
776 1995 919 2035 vindex
938 2002 1042 2036 certe
1057 1997 1134 2036 fuit
1150 1996 1218 2036 hic
1234 1996 1493 2050 Nicephorus,

47 2053 138 2105 quia
151 2082 162 2102 ,
194 2058 240 2090 ut
265 2052 396 2104 inquit
424 2054 621 2092 cedrenus
640 2053 786 2094 Hister.
810 2054 944 2105 Comp.
961 2067 1046 2105 pag.
1069 2055 1164 2098 642.
1182 2052 1307 2094 πολλοὶ
1323 2052 1494 2107 ,τρόπαια

46 2106 243 2160 στήσαντα
268 2107 366 2148 nato?
390 2113 470 2150 τῶν
497 2106 606 2164 ἑῴων
626 2113 888 2161 Σαρακηνῶν,
914 2111 1044 2147 multa
1064 2109 1112 2148 de
1130 2112 1343 2149 Saracenis
1366 2112 1493 2147 orien-

46 2165 202 2204 talibus
226 2172 426 2203 statuerat
455 2174 638 2216 tropaea‚
668 2167 735 2216 qui
756 2165 918 2204 Romani
933 2166 1092 2217 Imperii
1117 2166 1341 2218 provincias
1361 2165 1492 2217 depo-

46 2221 296 2273 pulabantur,
330 2227 369 2259 et
388 2222 479 2273 quia
497 2223 648 2260 Cretam
673 2235 693 2258 a
716 2222 918 2260 Saracenis
940 2222 1124 2274 Hjspanis
1144 2223 1241 2261 olim
1258 2228 1491 2274 occupatam

49 2278 321 2315 Romanorum
345 2277 512 2329 Imperio
543 2278 780 2316 restituerat.

152 2335 192 2374 3.
223 2328 449 2384 Πεπόνηται
482 2332 554 2386 μὲν
574 2331 650 2387 πρὸ
668 2336 808 2386 καιροῦ
829 2332 919 2384 etc.]
948 2333 1054 2372 Haec
1071 2334 1119 2372 de
1138 2334 1274 2373 Cretae
1293 2345 1493 2385 expugna-

47 2388 158 2426 tione
185 2387 357 2425 carmina
386 2391 470 2426 iam
496 2397 639 2439 antea,
669 2390 828 2428 vivente
846 2402 984 2442 nempe
1008 2390 1108 2442 Imp.
1128 2391 1302 2428 Romano
1319 2389 1490 2438 iuniore,

46 2457 69 2482 a
89 2457 129 2482 se
157 2444 334 2481 confecta
356 2445 475 2483 fuisse
495 2445 738 2484 Theodosius
757 2451 937 2485 testatur.
994 2446 1071 2485 Cur
1090 2453 1218 2484 autem
1236 2459 1279 2483 ea
1300 2445 1342 2482 in
1359 2445 1491 2482 lucem

44 2513 128 2538 non
150 2500 402 2550 produxerit,
431 2503 598 2540 necdum
618 2509 730 2554 capta
763 2502 965 2540 occasione
992 2501 1208 2554 triumphi,
1239 2507 1355 2551 atque
1386 2499 1484 2537 adeo
1509 2506 1584 2543 σοι,
1607 2509 1634 2543 2

51 2556 260 2604 ovationis,
290 2569 406 2606 quam
427 2557 669 2610 Nicephorus
690 2559 739 2597 de
758 2559 870 2596 Creta
887 2565 1109 2610 expugnata
1128 2563 1269 2607 egerat,
1300 2555 1493 2594 rationem

44 2609 148 2649 hanc
165 2612 331 2649 redditz'
345 2612 387 2650 id
403 2613 532 2652 facere
551 2614 741 2664 timuisse,
774 2614 882 2666 quod
901 2628 922 2651 a
943 2620 1140 2664 gestorum
1158 2612 1238 2650 eius
1256 2611 1383 2660 gloria
1403 2610 1492 2662 plns

47 2680 173 2717 aequo
200 2667 271 2704 illa
290 2667 495 2708 distarent.
552 2669 605 2707 At
627 2683 718 2709 vera
741 2684 855 2709 causa
875 2671 1038 2708 fortasse
1059 2669 1187 2719 potius
1205 2667 1296 2715 suit,
1324 2679 1374 2704 ne
1390 2666 1490 2718 Imp.

45 2722 222 2760 Romano
243 2723 481 2775 displiceret,
499 2724 540 2761 in
559 2724 671 2764 euius
692 2727 954 2778 suspicionem
977 2729 1138 2762 venerat
1158 2722 1277 2760 nimis
1295 2722 1402 2776 apud
1416 2735 1492 2775 po-

45 2777 186 2828 pulum
208 2778 468 2819 inclarescens
489 2780 704 2833 Nicephori
722 2795 881 2821 nomeu.
903 2780 992 2819 vid.
1012 2778 1219 2819 Monitum.
