1748 3094
384 169 444 212 IN
471 166 677 212 LEONIS
703 164 943 214 DIACONI
969 170 1071 213 Lm.
1092 170 1145 213 ΙΙ.
1389 163 1490 212 415

29 272 210 326 amplior
237 285 357 326 qnam
385 272 588 312 editiones.
645 273 900 326 Quapropter
923 273 1003 314 hoc
1031 273 1258 313 chronicon
1275 288 1419 316 vener
1438 288 1491 315 ne

8 336 11 338 '
30 328 93 368 *ait
125 329 175 367 ab
203 328 369 368 Hardtio
393 342 599 382 perperam
616 326 720 369 Iulio
745 330 899 369 Polluci
916 330 1160 371 attributum.
1214 331 1333 370 Hunc
1351 332 1490 371 Pollu-

38 397 124 424 cem
150 385 256 424 enim
281 386 412 424 multo
441 399 527 423 esse
546 387 705 424 saeculo
728 387 781 425 X.
797 387 1056 438 antiquiorem
1075 393 1230 426 constat
1248 388 1312 426 vel
1333 401 1383 426 ex
1408 402 1491 427 no·-

0 471 1 478 ,
35 440 163 491 ιιιίιιο;
193 440 419 480 chronicon
445 447 597 489 autem,
634 442 718 481 sive
744 442 867 481 verba
885 442 969 481 sive
994 456 1105 481 sensa
1125 443 1339 496 rapidas,
1370 451 1415 482 ut
1438 445 1487 482 ab

35 497 194 548 ingenio
220 503 443 550 temporum
465 497 813 537 Tzimiscianornm
839 499 1022 551 proxime
1049 498 1179 549 abent,
1206 499 1264 538 ita
1282 513 1305 538 a
1330 500 1488 539 saeculo

37 552 287 602 lmtinianeo,
315 553 464 592 nedum
483 553 775 603 Theodosiana,
807 562 869 593 est
886 555 1177 595 alienissimum.
1231 556 1342 604 Quae
1359 562 1491 594 tamen

34 608 79 646 in
98 607 179 647 hoc
200 609 420 655 Chronico,
450 609 561 661 quod
580 611 767 662 anonymi
787 612 921 663 potius
947 611 1139 661 dixerim,
1168 610 1219 649 de
1236 612 1488 664 expeditione

27 664 188 703 Cretica
206 666 455 714 referuntur,
483 665 573 703 ideo
599 665 666 704 hic
689 680 771 704 non
790 667 956 705 subiicio
969 697 980 715 ,
1010 668 1117 719 quod
1133 666 1236 706 nihil
1254 668 1335 706 sere
1350 668 1406 706 ibi
1422 669 1488 718 sit,

34 720 137 772 quin
163 720 261 760 item
288 721 397 774 apud
423 721 593 760 Simeon.
613 721 818 773 Logothet.
843 723 941 765 498.
961 723 1005 762 Δ.
1025 724 1070 765 Β.
1097 730 1138 763 et
1162 723 1360 763 incertum
1378 724 1491 763 Con-

35 777 221 816 tinuator.
249 781 345 821 297.
364 778 407 816 C.
433 778 480 816 D.
505 777 670 829 legatur.

519 964 592 1008 IN
630 964 900 1009 LIBRUM
939 965 997 1008 H.

142 1056 251 1108 Pag.
282 1058 348 1099 17.
378 1055 451 1094 lin.
477 1058 518 1098 7.
546 1056 763 1108 Χαμβδᾶν,
794 1055 912 1098 ὁτῶν
928 1078 982 1086 -
1002 1052 1185 1110 ἆρχηγός]
1212 1057 1269 1096 De
1286 1057 1364 1097 hoc
1383 1059 1484 1097 Seis·
1504 1061 1547 1098 Ρ.
1572 1063 1638 1098 198

32 1109 204 1149 eddaula
224 1111 308 1150 sive.
327 1111 552 1151 Abulhasan
568 1112 646 1161 Ali,
674 1112 868 1151 Hamdani
887 1112 1182 1151 ben-Hamdun
1196 1121 1364 1166 nepote,
1391 1115 1485 1154 vide

31 1166 347 1206 observationem
372 1168 418 1206 in
437 1168 580 1206 summi
596 1168 672 1207 viri
693 1169 873 1207 Silvani
892 1169 940 1206 de
957 1170 1058 1221 Sacy
1082 1168 1368 1211 Chrestomath.
1389 1171 1484 1210 Ara-

28 1221 117 1261 bica
137 1223 202 1262 [ΙΙ.
225 1226 318 1266 110.
340 1223 383 1262 C.
414 1224 553 1262 Graeci
576 1224 871 1263 Chambdanmn
889 1231 1060 1274 vocant,
1089 1226 1283 1275 gentilitio
1308 1227 1480 1277 nomine,

30 1278 137 1329 qnod
157 1279 289 1330 ipsum
305 1286 438 1318 tamen
454 1280 566 1319 varie
588 1280 788 1329 scribitur,
817 1293 908 1318 cum
931 1281 1039 1333 apud
1060 1281 1159 1319 alios
1174 1288 1367 1332 auctores,
1394 1289 1480 1323 tum

27 1334 95 1372 vel
111 1335 155 1371 in
179 1334 324 1373 Codice
337 1341 487 1376 nostro.
546 1335 666 1374 Velut
682 1337 857 1388 Χαμβᾶν
873 1335 952 1373 hoc
967 1336 1056 1388 ipso
1077 1337 1182 1384 loco,
1212 1341 1278 1380 10.
1298 1338 1344 1377 Δ.
1363 1341 1483 1392 Χαμ-

26 1387 108 1441 βᾶν
136 1393 204 1433 22.
227 1390 272 1446 Β.
305 1388 473 1431 Χαυδᾶν
497 1394 561 1434 10.
583 1392 624 1432 C.
654 1395 718 1434 12.
739 1392 787 1429 Δ.
813 1389 985 1442 Χαμδιὶν
1022 1395 1086 1435 13.
1113 1394 1162 1435 D.
1196 1391 1393 1446 Χαμβδᾰν
1416 1398 1483 1438 11.

28 1445 74 1485 C.
112 1447 177 1488 13.
208 1446 256 1486 Β.
289 1446 355 1488 14.
383 1447 428 1485 Β.
453 1448 651 1499 Χαμβδᾶν
682 1449 750 1489 13.
780 1447 827 1486 Δ.
858 1449 1029 1487 Zonaras
1049 1449 1098 1487 Π.
1121 1452 1215 1492 197.
1235 1450 1282 1487 A.
1300 1450 1345 1491 B.
1364 1449 1484 1490 habet

28 1502 226 1551 Χαμαδᾶν
251 1498 353 1556 (ted
384 1503 517 1541 Codex
540 1505 631 1552 Reg.
660 1503 781 1546 1715.
813 1501 1024 1559 Χαμὸἇν).
1083 1504 1239 1543 Simeon
1266 1505 1483 1557 Logotheta

26 1557 123 1600 498.
157 1557 204 1595 D.
238 1555 431 1610 Χαμβδᾶ·
459 1559 631 1597 Michael
660 1559 805 1611 Glycas
826 1560 921 1602 304.
945 1561 989 1600 D.
1010 1557 1082 1601 τὸν
1108 1557 1356 1613 Ἀποχαυδᾶν
1374 1561 1479 1615 [εἰσ].

25 1612 228 1651 cedrenus
258 1611 428 1666 Χαβδᾶν
443 1615 492 1655 II.
515 1616 612 1659 642.
634 1615 678 1653 D.
701 1616 795 1658 643.
820 1616 862 1653 C.
886 1616 980 1658 645.
998 1616 1041 1654 Β.
1096 1616 1145 1654 In
1176 1618 1321 1656 Codice
1349 1624 1482 1657 tamen

25 1668 222 1719 Scylitzae
247 1670 569 1720 sangermanensi
602 1671 729 1709 bonae
754 1677 891 1720 notae,
919 1671 1027 1710 unde
1050 1673 1177 1711 multa
1194 1674 1359 1712 Cedreni
1389 1675 1517 1717 local}

25 1723 226 1763 emendari
246 1726 412 1776 possint,
439 1727 583 1776 legitur
602 1727 750 1778 ubique
771 1729 985 1779 Χαμβδᾶν·
1013 1728 1187 1780 itemque
1201 1729 1243 1767 in
1264 1729 1479 1782 Nicephori

25 1778 183 1818 Phocoe
199 1780 370 1820 Tacticis
386 1781 479 1820 edit.
492 1782 612 1821 huius
632 1796 718 1834 pag.
742 1784 833 1825 184.
853 1783 924 1821 lin.
938 1786 1003 1825 13.
1031 1790 1070 1823 et
1092 1798 1181 1837 pag.
1204 1789 1297 1829 191.
1315 1786 1387 1827 lin.
1412 1787 1478 1830 15.

26 1849 143 1886 quam
163 1837 414 1888 scriptionem
436 1839 577 1889 ubique
602 1845 759 1877 secutus
785 1853 883 1879 sum.

137 1893 243 1943 Pag.
272 1895 338 1935 18.
365 1894 438 1935 lin.
467 1897 507 1936 3.
537 1893 632 1946 πρὸς
664 1893 787 1934 αὑτοῦ
801 1893 867 1935 τὸν
883 1892 1020 1949 καιρὸν
1040 1892 1169 1948 εἶναι]
1203 1893 1319 1949 Uotis·
1349 1895 1477 1939 αὑτοῦ

25 1942 127 1987 εἶναι
145 1947 300 1986 dixerat
320 1948 397 1987 iam
414 1949 598 2000 Agathias
615 1954 680 1993 21.
700 1951 749 1988 A.
772 1957 811 1989 et
829 1954 896 1994 26.
917 1952 964 1991 D.
1021 1951 1197 1991 Similem
1212 1952 1379 2005 phrasin
1396 1953 1473 1993 ln-

23 2002 92 2041 bet
119 2003 353 2043 Plutarchus
378 2006 430 2044 M.
452 2006 575 2044 Bruto
598 2010 691 2048 990.
713 2007 758 2047 Β.

134 2058 239 2099 Ibid.
270 2061 342 2100 lin.
374 2065 438 2104 10.
467 2061 624 2102 Λέοντα
659 2059 730 2102 τόν
769 2060 944 2115 Φωκᾶν]
974 2062 1118 2101 Leonis
1153 2062 1306 2102 Phocae
1334 2071 1474 2105 mnu-a

24 2113 317 2154 Chambdsuum
346 2118 544 2168 expeditio
567 2117 709 2156 incidit
728 2118 771 2155 in
791 2132 827 2157 a.
853 2122 933 2160 961
946 2147 958 2167 ,
987 2132 1065 2169 quo
1087 2120 1176 2171 ipso
1195 2125 1373 2172 tempore
1393 2123 1473 2160 fra-

23 2176 85 2208 ter
111 2172 194 2210 eins
219 2172 465 2224 Nicephorus
487 2174 674 2212 Candiam
703 2174 957 2226 expugnavit.
1012 2174 1112 2214 Vide
1134 2176 1227 2227 Pagi
1251 2177 1388 2218 Critic.
1420 2178 1472 2216 ad

21 2225 164 2266 Amal.
187 2227 330 2267 Baron.
355 2229 422 2268 111.
449 2230 545 2272 875.
579 2231 624 2270 D.

132 2284 238 2333 Pag.
269 2287 333 2327 19.
362 2285 434 2323 lin.
463 2288 503 2327 3.
532 2286 631 2340 ἔγνω
659 2283 714 2338 μή
745 2285 786 2333 ἐς
806 2288 1012 2339 προῦπτον
1036 2287 1229 2329 κίνδυνον
1255 2288 1393 2342 φέρων
1410 2288 1471 2330 ἓν.

22 2341 150 2378 σεῖσαι
171 2334 289 2379 αὐτόν
308 2354 348 2379 τε
364 2341 433 2381 καὶ
452 2339 547 2389 τούς
564 2341 855 2394 συνεπομένους
871 2344 882 2389 1
912 2343 1023 2380 Dicas
1043 2344 1211 2382 Leonem
1232 2344 1469 2397 expressisse

20 2392 119 2432 haec
158 2394 379 2445 Plutarchi,
416 2398 575 2437 Caesare
602 2399 695 2440 741.
730 2399 771 2436 C.
809 2398 950 2450 ἔῤῥιψε
979 2398 1115 2452 φέρων
1141 2398 1284 2440 ἓαυτδν
1313 2401 1371 2447 εἰς
1396 2397 1469 2439 τὸν

19 2449 213 2491 κίνδυνον
225 2461 234 2470 ·
264 2451 451 2501 elegantia
464 2467 559 2493 vero
577 2468 659 2492 non
677 2460 900 2506 opportune
911 2468 993 2493 esse
1011 2469 1138 2494 usum.
1174 2457 1273 2494 Nam
1286 2461 1465 2493 constru-

21 2505 102 2543 ctio
114 2506 315 2556 postulare
334 2508 491 2548 videtur
510 2511 716 2549 accusativ.
755 2510 945 2564 φέροντα·
975 2511 1230 2563 participium
1245 2518 1374 2548 autem
1396 2508 1466 2559 φέ-

20 2575 102 2613 ρων
114 2561 190 2599 hoc
198 2576 313 2600 sensu
323 2564 519 2603 rarissime
525 2567 640 2612 aliter
650 2580 766 2617 quam
775 2556 1019 2606 noniinativo
1031 2567 1237 2617 singularis
1251 2573 1288 2604 et
1299 2566 1466 2616 pluralis

19 2617 226 2667 reperitur.
270 2619 370 2658 Vide
390 2623 567 2672 exempla
584 2623 632 2660 ab
650 2622 943 2662 Hemsterhusio
962 2624 1125 2662 collecta
1143 2623 1183 2659 in
1201 2621 1360 2672 copiosa
1377 2620 1464 2658 dis-

18 2673 222 2721 putatione
250 2675 299 2712 ad
316 2676 475 2717 Lucian.
506 2677 536 2717 I.
569 2679 663 2720 349.
686 2679 847 2729 quibus,
875 2686 1031 2731 praeter
1052 2692 1095 2715 ea
1113 2676 1331 2724 Plutarchi,
1361 2682 1499 2727 quaec

22 2726 78 2764 ibi
105 2730 299 2779 enotavit,
328 2731 427 2770 haec
455 2746 557 2771 nova
582 2734 759 2772 indidem
790 2735 990 2773 adiiciam:
1020 2732 1281 2771 Themistocle
1301 2732 1394 2774 124.
1415 2733 1461 2773 Δ.

18 2780 153 2836 φέρων
179 2783 383 2840 ὑπέθηκεν
399 2785 553 2830 ἔαυτόν.
579 2789 731 2829 Pericle
749 2791 842 2834 159.
860 2791 906 2830 Β.
924 2786 1110 2841 ἐπιβολάς
1135 2808 1192 2817 -·
1206 2786 1367 2840 ἐνέβαλε
1381 2787 1461 2839 φέ-
