1748 3094
291 136 387 187 352
687 146 1030 190 LUITPRANDI
1057 147 1307 192 LEGATIO

258 249 384 288 edico
410 249 527 300 mihi,
546 250 586 289 id
604 257 660 289 est
677 249 916 301 Luitprando
933 249 1148 302 Episcopo,
1175 252 1244 291 sed
1260 253 1514 305 Bulgarorum
1541 253 1708 292 nuncius

293 323 423 356 vestro
451 317 706 369 praeponitur
726 316 882 354 nuncio.
939 315 1015 353 Sed
1038 317 1178 356 lenivit
1195 319 1368 358 dolorem
1385 333 1514 358 meum
1534 320 1708 371 Impera-

293 388 358 421 tor
381 384 544 421 Sanctus
570 395 729 421 munere
754 395 912 432 magno,
941 382 1098 421 mittens
1121 384 1217 422 mihi
1239 398 1287 423 ex
1309 384 1588 439 delicatissimis
1611 384 1707 423 cibis

292 449 374 487 suis
387 479 397 498 ,
437 449 606 487 hoedum
632 449 836 500 pinguem,
876 462 926 487 ex
959 463 1034 500 quo
1067 451 1152 502 ipse
1181 451 1417 501 comederat,
1455 451 1568 501 allio,
1603 464 1708 503 cepe,

291 516 421 568 porris
451 516 555 553 laute
583 515 895 566 suffarcinatum,
923 529 1014 566 garo
1043 516 1277 566 deli-butum3
1306 531 1420 568 quem
1445 524 1593 556 vestrae
1614 523 1709 555 tunc

291 595 443 620 mensae
468 582 591 618 inesse
620 581 775 632 optavi,
803 588 850 620 ut
876 583 942 634 qui
965 583 1121 621 delicias
1148 584 1280 621 Sancti
1298 583 1541 635 Imperatoris
1564 583 1708 621 faustas

294 661 376 686 esse
406 661 487 685 nou
518 647 696 697 creditis,
727 649 859 686 saltem
888 649 948 687 his
977 651 1190 701 perspectis
1220 650 1436 688 crederetis.
1490 648 1710 688 Transactis

293 727 385 764 ergo
408 719 497 751 octo
517 713 671 764 diebus,
702 729 791 753 cum
808 716 965 765 Bulgari
983 716 1059 753 iam
1078 717 1271 765 abessent,
1298 723 1437 768 putans
1455 730 1517 754 me
1537 728 1710 753 mensam

292 780 546 830 magnifacere
568 794 696 830 suam,
727 781 770 819 in
792 782 924 820 eodem
945 783 1032 820 loco
1057 796 1118 820 me
1138 783 1228 820 satis
1249 789 1444 833 aegrotum
1461 795 1591 820 secum
1612 794 1710 820 con-

289 845 423 884 vivare
451 845 588 895 coegit.
627 846 748 884 Affuit
770 861 855 885 cum
873 849 1052 899 pluribus
1070 848 1271 901 Episcopis
1295 857 1333 887 et
1352 848 1590 888 patriarcha:
1618 847 1710 898 qui-

291 911 361 949 bus
394 911 682 963 praesentibus,
718 914 847 964 plures
883 915 979 953 mihi
1018 916 1256 966 quaestiones
1283 916 1330 954 de
1359 916 1561 967 scripturis
1591 914 1710 952 sacris

254 982 286 1016 D
295 980 521 1032 proposuit,
559 993 649 1031 quas
683 993 770 1017 cum
798 981 946 1031 Spiritu
963 984 1103 1020 Sancto
1135 983 1292 1020 afflante
1319 982 1509 1032 eleganter
1534 980 1708 1032 exposui,
1738 994 1740 996 ·

290 1046 500 1083 novissime
523 1053 649 1084 autem
674 1053 720 1084 ut
748 1047 795 1084 de
813 1048 923 1086 vobis
941 1049 1080 1087 ludum
1101 1048 1268 1098 haberet,
1289 1062 1380 1099 quas
1395 1047 1571 1099 Synodos
1587 1046 1710 1084 habe-

291 1125 433 1160 remus,
454 1112 615 1161 rogavit.
655 1114 723 1150 Cui
742 1127 830 1150 cum
848 1114 1075 1165 Nicaeum,
1095 1114 1708 1166 Chalcedonensem',Ephesinam,

291 1178 583 1226 Antiochenam,
605 1180 953 1230 Carthaginensem,
973 1181 1230 1233 Ancyranam,
1245 1180 1710 1233 Constantinopolitanam

293 1246 505 1294 edicerem3-
521 1245 580 1282 Ha
595 1246 645 1283 ha
663 1246 724 1295 he,
743 1247 810 1296 ait,
827 1247 1055 1286 Saxonicam
1074 1249 1202 1286 dicere
1220 1261 1258 1291 es
1279 1247 1444 1285 oblitus:
1462 1260 1576 1298 quam
1592 1247 1626 1284 si
1643 1259 1710 1284 ro-

289 1325 367 1361 gas,
391 1325 462 1348 cur
480 1313 605 1350 nostri
623 1313 775 1350 codices
788 1327 869 1351 non
878 1313 1033 1363 habent,
1054 1315 1192 1353 rudem
1213 1328 1304 1362 esse,
1326 1320 1364 1352 et
1385 1314 1435 1351 ad
1447 1327 1520 1351 nos
1531 1325 1605 1351 nec
1614 1313 1715 1352 dum.

287 1377 422 1415 venire
438 1391 549 1428 posse
566 1380 795 1430 respondeo.
837 1380 908 1416 Cui
929 1380 1108 1430 inquam:
1134 1382 1176 1418 in
1207 1393 1283 1431 quo
1304 1379 1474 1417 membro
1490 1385 1626 1429 regnat
1641 1379 1708 1416 in-

287 1444 463 1492 firmitas,
481 1444 581 1481 illud
594 1452 651 1483 est
662 1446 831 1483 cauterio
845 1447 1106 1485 exurendum:
1123 1447 1296 1485 haereses
1308 1459 1439 1483 omues
1452 1459 1474 1482 a
1484 1445 1594 1484 vobis
1608 1458 1709 1484 ema-

286 1518 452 1561 narunt,
481 1525 597 1563 penes
618 1526 688 1550 vos
707 1512 944 1562 vigueruntz,
963 1527 985 1550 a
1008 1513 1119 1551 nobis
1132 1543 1143 1562 ,
1173 1513 1214 1550 id
1239 1518 1296 1550 est
1312 1511 1625 1550 occidentalibus
1640 1510 1708 1548 hic

290 1583 380 1617 sunt
392 1579 594 1628 iugulatae,
615 1578 680 1615 hic
699 1585 791 1616 sunt
808 1578 965 1618 occisae.
1003 1580 1226 1628 Romanam,
1245 1580 1326 1618 sive
1341 1578 1566 1630 Papiensem
1578 1579 1708 1629 Syno-

290 1646 406 1696 dum,
436 1659 666 1697 quamquam
688 1652 815 1683 essent
837 1659 971 1696 saepe,
999 1645 1059 1683 his
1081 1660 1162 1684 non
1177 1657 1510 1684 connumeramus.
1561 1644 1708 1682 Roma-

250 1712 363 1750 Enus
379 1713 481 1750 enim
497 1712 667 1750 Clericus
679 1741 690 1761 ,
719 1712 966 1763 postmodum
987 1713 1213 1750 universalis
1237 1714 1342 1765 Papa
1358 1711 1587 1763 Gregorius,
1616 1710 1707 1762 quia

290 1792 312 1814 a
339 1778 450 1817 vobis
479 1778 693 1830 appellatus
721 1784 779 1816 est
807 1778 1007 1829 Dialogus,
1044 1779 1280 1830 Eutychium
1311 1778 1707 1829 Constantinopolita-

290 1858 384 1882 num
401 1845 662 1883 Patriarcham
684 1844 919 1882 haereticum
935 1845 981 1883 ab
1001 1846 1188 1885 eiusmodi
1205 1846 1353 1885 haeresi
1369 1845 1560 1884 liberavit.
1613 1844 1707 1883 Aie-

290 1909 358 1947 bat
375 1911 478 1948 idem
502 1911 738 1962 Eutychius,
765 1925 838 1949 nec
863 1912 989 1949 solum
1013 1913 1158 1960 aiebat,
1186 1914 1256 1952 sed
1275 1913 1390 1951 etiam
1412 1912 1592 1960 docebat,
1622 1912 1707 1948 cla-

291 1976 439 2024 mabat,
470 1978 729 2028 scriptitabat,
758 1992 829 2015 nos
854 1978 898 2015 in
920 1980 1200 2017 resurrectione
1219 1993 1300 2017 non
1322 1992 1475 2027 veram,
1505 1991 1618 2029 quam
1637 1977 1706 2014 hic

290 2041 495 2091 habemus,
524 2045 590 2081 sed
610 2044 890 2095 phantasticam
915 2045 1118 2094 quamdam
1144 2058 1297 2084 carnem
1320 2050 1604 2096 assumpturos:
1632 2056 1706 2081 cu-

291 2108 352 2144 ius
380 2109 520 2146 erroris
538 2110 635 2147 liber
655 2125 676 2147 a
695 2110 880 2159 Gregorio
902 2111 1117 2149 orthodoxe
1143 2119 1199 2149 est
1218 2111 1450 2149 combustus.
1506 2109 1581 2148 Sed
1598 2110 1706 2148 Evo-

293 2174 403 2223 dius,
434 2176 627 2226 Papiensis
653 2176 887 2227 Episcopus,
925 2183 1084 2228 propter
1115 2177 1228 2214 aliam
1265 2176 1468 2227 quamdam
1503 2176 1705 2226 haeresim,

155 2239 227 2277 Col.
249 2242 272 2276 2
293 2240 385 2290 huc,
414 2241 457 2278 id
477 2248 532 2278 est
556 2242 940 2294 Constantinopolim,
968 2257 989 2280 a
1007 2245 1178 2280 Romano
1195 2249 1250 2280 est
1270 2243 1492 2282 Patriarcha
1515 2244 1704 2293 directus3

293 2320 407 2358 quam
439 2320 716 2358 compressam,
746 2310 789 2346 in
818 2309 1053 2347 catholicam
1082 2315 1193 2360 atque
1225 2309 1494 2348 orthodoxam
1513 2311 1704 2348 reforma-

293 2373 361 2412 vit.
396 2374 612 2411 Saxonum
637 2388 774 2424 genus,
805 2389 853 2413 ex
875 2389 950 2426 quo
972 2377 1154 2412 Sanctum
1181 2376 1396 2414 Lavacrum
1427 2382 1467 2415 et
1496 2376 1566 2414 Dei
1590 2388 1703 2412 acce-

291 2439 352 2491 pit
367 2439 563 2488 notitiam,
592 2441 701 2477 nulla
722 2448 778 2478 est
800 2442 947 2480 haeresi
966 2442 1222 2490 maculatum,
1250 2448 1296 2479 ut
1312 2442 1367 2480 ibi
1387 2441 1565 2493 Synodus
1579 2440 1702 2489 fieret,

295 2519 371 2556 qua
402 2519 587 2555 errorem,
623 2520 710 2543 cum
732 2508 865 2545 nullus
897 2513 1011 2555 esset,
1042 2507 1261 2558 corrigeret.
1316 2509 1465 2547 Rudem
1494 2506 1583 2557 quia
1607 2506 1702 2543 dicis

295 2573 508 2611 saxonibus
544 2586 623 2611 esse
651 2573 786 2622 fidem,
825 2574 867 2611 id
894 2574 1022 2624 ipsum
1049 2579 1087 2611 et
1111 2587 1177 2624 ego
1210 2575 1378 2613 affirmo:
1423 2585 1573 2624 semper
1601 2572 1704 2610 enim

294 2641 399 2689 apud
425 2653 487 2677 eos
511 2639 653 2678 Christi
679 2639 773 2677 fides
794 2640 902 2677 rudis
923 2646 999 2688 est,
1030 2647 1068 2677 et
1090 2654 1171 2678 non
1195 2647 1326 2690 vetus,
1362 2640 1430 2678 ubi
1451 2639 1568 2678 fidem
1587 2652 1703 2690 opera

294 2699 522 2756 sequuntur.
578 2706 653 2745 Hic
675 2706 769 2745 fides
788 2719 868 2745 non
885 2706 1013 2756 rudis,
1042 2707 1109 2746 sed
1128 2713 1240 2746 vetus
1260 2712 1339 2756 est,
1365 2706 1433 2744 ubi
1452 2705 1569 2744 fidem
1588 2718 1702 2757 opera
