1760 3034
395 122 675 168 NOMINUM
701 122 781 174 ET
807 124 1139 171 VERBORUM.

84 224 217 270 leganti
249 223 421 261 exaravit.
482 225 739 261 Inscribunmn

42 306 45 308 .
85 272 155 312 Εἰς
169 268 387 316 τὴνπτοῖσιν
401 271 466 315 τῆς
483 270 645 316 Κρήτης·
669 273 736 306 inc.

77 309 124 352 ’.Ω
145 314 231 352 κόιι
249 318 404 360 Κρητῶν
422 315 596 360 Musae,
620 314 644 362 ἡ
665 316 737 353 πᾶ-

15 365 28 377 ·
82 357 264 454 322325'.
280 361 735 454 wszff

82 453 193 494 Quem
213 424 390 490 librassium
412 466 501 490 saec.
526 466 588 489 xv-
609 467 736 490 exeun-

78 499 126 534 tis
140 500 218 534 ideo
234 511 452 535 commemoro
462 525 474 542 ,
497 501 588 546 quod
603 501 734 536 videam

79 556 123 580 ex
138 545 243 581 ductu
253 546 456 587 litterarum,
470 546 633 590 Angelum
647 547 734 580 Ver-

78 590 207 635 getium
222 615 236 633 ,
274 591 359 627 clari
395 592 540 626 nominis
575 592 734 633 calligra-

78 636 181 681 phum
213 637 361 682 itemque
391 637 611 678 Cretensem,
641 637 733 671 illius

77 682 336 728 chirographum
370 681 407 716 in
437 682 545 716 Codd.
581 683 732 716 conscri-

75 726 197 761 bendis
213 739 288 762 esse
305 727 482 763 imitatum.
529 728 651 762 Manus
669 739 731 762 au·-

0 781 1 787 ’
74 775 144 807 tem
160 772 340 818 Vergetii,
361 784 517 817 magnam
537 773 631 807 vitae
649 785 730 818 par-

74 821 143 852 tem
158 818 197 852 in
214 818 330 853 Gallia
346 818 599 860 commorantis,
623 820 667 852 ab
686 818 731 853 iis

74 863 135 908 qui
158 875 249 898 saec.
272 875 334 899 xv,
353 871 457 909 typos
478 864 729 910 typographiae

74 908 207 953 Regiae
233 909 437 944 Parisiensis
462 909 640 952 fuderunt,
667 921 728 944 ex-

72 965 194 999 pressa
222 958 295 996 est,
310 954 495 999 indeque,
525 955 728 1000 praesertim

72 1000 116 1034 ob
131 1000 372 1044 praestantiam
385 1000 568 1035 editionum
585 1000 727 1035 Henrici

70 1044 260 1090 Stephani,
281 1045 319 1080 in
344 1057 457 1080 omnes
480 1057 590 1091 paene
611 1046 727 1082 Euro-

70 1101 138 1136 pae
171 1091 419 1136 typographias
450 1091 606 1126 Graecas
633 1104 723 1126 saec.

70 1146 145 1170 xvr.
176 1141 213 1172 et
237 1147 327 1172 ΠΗ.
359 1140 413 1172 est
438 1141 590 1182 recepta.
620 1167 625 1175 s.
640 1137 729 1172 Vide

23 1181 425 1308 cfflssfflssi,
451 1226 536 1272 quid
558 1226 627 1261 sint
643 1227 725 1269 505,

23 1297 158 1359 Canes,
186 1317 223 1352 in
249 1317 454 1364 proverbio,
483 1316 554 1363 ipsi
578 1318 724 1363 pecudes

69 1363 272 1398 dilaniantes
289 1361 355 1405 74,
379 1362 415 1398 4.

22 1408 215 1443 Canuartus
233 1409 429 1444 emendatus
449 1406 518 1445 477
529 1434 541 1453 ,
564 1406 599 1444 4.

22 1454 292 1489 Cantacuzeuus.
333 1455 419 1489 Vide
435 1454 578 1489 Ioannes
593 1455 723 1490 Canta-

66 1511 223 1534 cuzenus.

22 1555 255 1600 {Caphartuta
287 1556 431 1591 Romani
464 1557 534 1594 800
571 1556 722 1592 homines

64 1601 208 1646 abigunt
222 1600 313 1643 382,
337 1602 393 1646 1.]
474 1620 478 1624 -

19 1657 176 1703 Capitale
197 1658 331 1693 facinus
355 1659 496 1694 rebellio
516 1662 635 1694 contra
651 1659 718 1694 Im-

65 1708 241 1749 peratores
259 1706 346 1747 116,
371 1706 404 1739 1.

18 1760 55 1795 in
83 1759 302 1807 Cappadocia
326 1761 514 1796 subsistens
541 1762 717 1807 Nicepho-

62 1817 122 1840 rus
140 1818 160 1840 c
205 1806 256 1840 ias
277 1806 449 1841 contrahit
464 1808 507 1842 ad
525 1808 716 1852 expeditio—

62 1863 138 1886 nem
195 1863 364 1886 arseusem
378 1854 421 1888 51
434 1878 444 1895 ‚
470 1854 503 1887 8.
520 1852 644 1888 ibidem
661 1853 714 1887 hi-

62 1897 183 1931 bernat
216 1896 431 1942 Nicephorus
463 1898 596 1932 Phocas
630 1899 712 1943 Imp.

62 1947 139 1987 post
178 1941 325 1988 priorem
365 1943 573 1977 obsidionem
606 1943 712 1978 Tarsi

58 1986 117 2030 54,
143 1988 179 2024 3.
202 1988 260 2030 55,
283 1989 318 2024 3.
333 1987 458 2022 ibidem
474 1989 604 2023 Bardas
621 1989 713 2023 Pho-

59 2044 139 2074 cas,
163 2033 365 2068 Caesaream
391 2033 546 2079 elapsus,
572 2045 627 2068 res
647 2046 711 2068 no-

58 2089 122 2112 vas
143 2078 281 2114 molitur
306 2079 393 2121 113,
416 2079 450 2114 3.
473 2079 597 2114 ibidem
621 2080 709 2114 Bar-

58 2123 121 2158 das
145 2125 275 2158 Caesar
299 2124 408 2169 copiis
424 2125 583 2159 Romanis
609 2136 710 2169 prae·

56 2169 166 2203 fectus
185 2170 262 2212 185,
284 2171 330 2205 2.Δ
343 2170 582 2215 Cappadociae
600 2170 707 2214 ducis,

57 2213 239 2248 Saracenis
263 2215 491 2250 Tarsensibus
519 2215 709 2260 irrumpen-

56 2259 170 2300 tibus,
191 2259 272 2294 belli
290 2261 434 2305 gerendi
452 2261 541 2295 ratio
561 2260 649 2300 243,
674 2263 705 2296 1.

56 2303 297 2358 Cappadociae
322 2306 516 2350 praefectus
536 2306 724 2350 Constanff

54 2354 145 2385 tinus
172 2350 338 2384 Meleinus
363 2362 465 2397 saepe
493 2363 564 2386 rem
589 2357 708 2387 contra

55 2395 244 2429 Saracenos
261 2395 406 2430 feliciter
423 2397 530 2441 gessit
546 2399 626 2438 185,
652 2399 707 2432 10.

55 2439 276 2486 Cappadocia
295 2444 331 2474 et
348 2441 472 2476 Cilicia
485 2442 576 2488 iugis
597 2443 706 2477 Tauri

54 2485 330 2520 disterminantur
357 2487 446 2528 250,
482 2489 536 2523 17.
566 2489 707 2534 Cappa-

53 2529 156 2565 doces
180 2530 257 2564 olim
275 2531 512 2576 Troglodytae
535 2533 619 2567 dicti
644 2535 703 2578 35,

54 2575 89 2610 5.
104 2586 147 2610 ex
162 2576 381 2622 Cappadocia
394 2577 460 2611 orti
474 2577 597 2622 gemini
612 2590 704 2614 mon-

52 2620 156 2655 strosi
178 2623 264 2664 165,
285 2623 320 2658 2.

7 2675 148 2720 Captivi
181 2677 325 2712 Romani
355 2678 398 2713 ab
426 2679 585 2715 Afrorum
617 2692 700 2727 rege

52 2721 246 2767 Nicephoro
263 2724 398 2759 Phocae
415 2724 545 2759 remissi
560 2727 618 2771 76,
643 2729 698 2762 15.

1389 119 1493 169 575

814 268 817 271 ,
840 225 995 272 captivos
1008 226 1045 262 in
1058 227 1155 274 rogis
1169 228 1424 266 interfectorum
1438 230 1494 266 iu-

837 273 957 318 gulant
986 272 1102 326 'Russi
1141 272 1208 310 149
1217 298 1227 315 ,
1263 276 1322 311 20.
1362 277 1492 331 captivi

835 317 1022 406 {lngndplrn
1037 330 1173 355 numero
1184 320 1330 356 hosnum
1344 321 1491 357 ducendi

790 418 917 465 Capita
938 420 1139 456 rusticorum
1163 423 1375 458 Graecorum
1395 435 1490 460 saec.

834 476 871 500 x.
886 467 944 510 (ut
958 466 1114 510 videtur)
1130 468 1221 502 nuda
1235 470 1326 510 236,
1353 471 1408 505 13.
1431 482 1492 504 ca-

834 511 908 556 pita
938 512 1082 546 Arabum
1107 523 1282 548 caesorum
1308 515 1344 548 in
1371 526 1489 549 saccos

832 557 968 591 condita
986 555 1041 599 14,
1059 558 1115 592 18.
1135 569 1196 602 pro
1212 559 1354 614 singuiis
1369 571 1488 595 numus

833 603 1487 699 ἓῑὶὲ“ξε“,;ἕ;.εῑ“ἑεέῑ;ξεε.1ὲ,3ῖ;

831 699 899 735 cta,
916 694 1106 739 Bicephori
1119 693 1259 729 Phocae
1275 696 1367 730 iussu
1381 699 1437 740 15,
1449 696 1486 733 4.

786 736 1033 780 [Caramuntes
1064 739 1180 774 decem
1207 740 1311 775 millia
1339 742 1486 776 Creten-

828 783 913 818 sium
937 790 1055 818 contra
1074 785 1243 819 Romanos
1265 786 1381 822 educit
1399 789 1482 831 296,

830 827 886 864 14.
908 830 1048 873 fugatur
1063 831 1151 872 300,
1175 830 1233 876 4.]

783 872 1017 909 Carbunculus
1036 875 1071 908 in
1092 876 1203 911 media
1218 876 1328 912 inauri
1347 877 1484 924 Sphen-

827 919 997 954 dosthlabi
1020 921 1106 961 157,
1129 922 1162 956 7.

782 964 988 1000 Carmanitis
1023 966 1121 1010 regio
1161 966 1261 1003 arida
1292 968 1481 1005 Ecbatanis

826 1011 1060 1055 praetenditur
1079 1013 1165 1053 162,
1188 1014 1246 1048 22.

782 1054 1023 1135 [Οἰιι-εοὲιειιαω
1035 1057 1219 1101 praedatur
1236 1058 1479 1104 Sipphoddau-

839 1113 861 1135 a
875 1103 899 1136 3
922 1104 956 1143 7,
976 1104 1030 1138 29.

780 1103 1081 1191 Οαηὴαςῐιιίειιέεε
1118 1147 1163 1182 ad
1194 1148 1405 1184 Antiochiam
1441 1151 1479 1185 in

824 1192 926 1236 Syria
946 1193 1209 1237 recuperandam
1230 1195 1482 1238 expeditionem.

824 1237 1030 1274 meditantur
1048 1239 1134 1281 103,
1157 1239 1192 1274 3.
1211 1240 1480 1284 Carthaginien-

824 1282 911 1317 sium
926 1294 988 1317 rex
1012 1283 1170 1318 Nicetam
1191 1285 1390 1329 patricium,
1414 1297 1479 1320 ca-

823 1328 976 1373 ptivum,
1009 1328 1205 1374 Nicephoro
1230 1330 1367 1364 Phocae
1391 1331 1479 1376 Imp.

823 1374 969 1408 remittit
981 1376 1038 1414 76,
1063 1377 1117 1410 11.
1147 1375 1232 1408 ride
1247 1387 1377 1420 quoque
1387 1377 1477 1411 Afri.

779 1439 843 1475 per
868 1429 959 1464 viam
984 1430 1127 1476 Carydii
1149 1442 1169 1464 e
1187 1430 1310 1465 Cilicia
1334 1432 1368 1466 in
1392 1433 1479 1467 fines

822 1475 991 1510 Romanos
1027 1487 1065 1510 se
1101 1476 1225 1521 recipit
1258 1477 1476 1523 Nicephorus

822 1520 956 1555 Phocas
974 1521 1080 1555 maior
1095 1520 1183 1558 242.
1206 1523 1263 1557 25.

777 1565 928 1600 Castella
939 1566 1015 1611 plus
1027 1567 1150 1610 viginti
1162 1567 1378 1613 Nicephorus
1387 1569 1475 1615 Imp.

820 1616 902 1656 post
917 1612 1061 1656 priorem
1078 1612 1283 1646 obsidionem
1295 1614 1399 1647 Tarsi
1415 1626 1476 1648 ca-

820 1657 873 1701 pit
895 1659 953 1698 52,
977 1659 1011 1692 9.
1035 1669 1056 1690 a
1069 1657 1207 1691 castello
1228 1658 1387 1693 Galatico
1414 1671 1474 1694 ca-

815 1705 898 1735 tena
913 1703 1027 1736 ferrea
1042 1714 1103 1747 per
1117 1703 1304 1748 Bosporum
1321 1704 1365 1737 ad
1381 1705 1473 1739 Cen-

816 1747 984 1781 tenarium
1002 1748 1122 1781 turrim
1139 1752 1238 1782 tensa
1258 1750 1304 1784 78
1318 1774 1328 1790 ‚
1349 1751 1406 1785 23.

772 1791 966 1826 Castrorum
992 1793 1213 1827 Romanorum
1248 1801 1327 1829 ante
1359 1796 1471 1841 Dory-

816 1837 936 1871 stolnm
961 1838 1148 1883 descriptio
1172 1837 1261 1879 142,
1285 1843 1315 1875 1.
1342 1839 1385 1874 ad
1412 1852 1471 1876 ca·

815 1888 887 1916 stra
907 1884 1150 1917 Saracenorum
1175 1885 1338 1928 quomodo
1366 1887 1469 1923 metu

814 1928 862 1961 sit
885 1928 1109 1963 accedendum
1135 1930 1225 1970 219,
1256 1931 1291 1964 9-
1318 1934 1355 1965 et
1378 1943 1468 1976 quo-

813 1973 910 2006 modo
930 1974 1000 2007 sint
1018 1975 1245 2019 oppugnanda
1261 1977 1350 2016 211,
1374 1979 1408 2012 8.

767 2018 953 2062 Catalogus
979 2019 1063 2054 Mss.
1088 2020 1296 2055 Graecorum
1330 2021 1467 2056 Biblio-

811 2064 932 2098 thecae
947 2064 1079 2108 Regiae
1095 2065 1269 2110 suppletus
1286 2066 1398 2109 XVII,
1413 2070 1466 2104 19.

810 2107 899 2150 442,
925 2111 980 2145 11.
1001 2108 1092 2151 444,
1117 2111 1172 2146 15.

766 2153 990 2198 Cataphracti
1014 2155 1143 2200 equites
1167 2155 1204 2189 in
1224 2156 1378 2191 exercitu
1395 2157 1466 2191 Ni·-

810 2199 950 2244 cephori
977 2200 1114 2234 Phoeae
1139 2202 1206 2243 59,
1234 2199 1270 2235 4.
1298 2202 1335 2235 in
1366 2208 1464 2236 utro-

807 2256 875 2289 que
900 2256 1004 2279 cornu
1031 2245 1185 2280 locantur
1212 2244 1297 2288 140,
1322 2249 1375 2283 11.
1400 2248 1462 2280 hos

807 2290 1031 2325 Romanorum
1075 2292 1314 2336 cataphractos
1358 2292 1462 2326 duces

807 2335 988 2370 Russorum
1005 2337 1189 2382 praecipue
1207 2336 1326 2370 timent
1338 2338 1459 2378 151,3.

762 2391 945 2436 categoria
962 2403 1051 2427 nona
1066 2391 1272 2435 Aristotelis,
1296 2403 1460 2437 quaenam

804 2438 850 2470 sit
864 2436 953 2479 416,
974 2439 1032 2474 22.

761 2492 893 2527 Catena
921 2493 1201 2538 ponderosissima
1233 2505 1295 2538 per
1323 2495 1460 2539 Bospo-

804 2549 878 2572 rum
896 2542 994 2572 tensa
1011 2544 1130 2574 contra
1146 2539 1330 2574 Russorum
1354 2540 1459 2585 impe-

803 2587 874 2618 tum
891 2585 958 2625 78,
981 2585 1036 2619 2³.

758 2637 927 2683 Caystrus
951 2640 1071 2673 flumen
1095 2640 1137 2678 5,
1162 2640 1195 2674 7.
1220 2643 1362 2684 propter
1379 2640 1454 2675 eius

803 2686 926 2718 sontem
944 2685 1009 2718 sita
1026 2690 1077 2718 est
1095 2683 1212 2725 calos,
1235 2684 1359 2719 Leonis
1373 2685 1458 2719 Dia-

802 2730 876 2764 coni
892 2730 1000 2774 patria
1017 2731 1099 2763 ibid.
1115 2731 1147 2765 6.
1165 2729 1275 2764 effluit
1292 2730 1327 2764 in
1348 2730 1453 2766 sinum
