1760 3034
419 142 699 186 NOMINUM
725 143 804 186 ET
833 143 1161 189 VEBBORUM.

1413 142 1519 188 60⁷

98 241 277 287 'quomodo
295 244 575 289 perrumpendum
596 243 685 286 247,
707 245 764 280 22.
822 242 858 278 in
894 243 1048 280 Orientis
1084 247 1240 291 partibus
1273 249 1520 285 Saracenorum

113 288 240 332 oppida
267 289 372 324 multa
391 290 426 324 in
450 290 574 324 finibus
597 292 766 324 Romano-

62 357 66 359 >
97 338 262 367 'rumtam
272 335 409 376 munita,
426 340 466 369 ut
479 336 765 381 impugnationem

113 389 180 412 non
203 380 341 414 timeant
363 381 451 422 245,
484 382 536 419 14.
563 381 647 415 situs
665 381 763 430 oppi-

111 423 230 458 dorum
262 425 507 461 limitaneorum
548 427 583 461 in
621 427 763 464 Oriente

111 469 261 504 Romano
285 471 371 512 246,
397 474 452 506 10.
475 472 604 517 oppida
631 472 705 517 plus
730 484 764 507 x,

60 531 66 547 ι
109 513 147 547 in
169 516 383 550 Chersoneso
402 517 552 552 Taurica
570 529 592 551 a
610 518 764 552 barbaris

111 561 282 595 exinanita
302 564 382 603 501,
408 561 461 598 14.

68 602 259 650 ΓΟράσεις,
278 609 423 642 visiones
447 610 633 650 Danae'ilis,
650 610 762 643 Grae-

112 664 224 686 corum
240 658 276 687 et
294 654 540 688 Saracenorum
563 655 642 695 359,
665 656 736 698 22.]

66 697 190 735 Oratio
207 698 330 732 Leonis
350 699 485 733 Phocae
504 699 547 732 ad
565 701 760 741 exercitum,

108 743 145 781 in
156 743 372 788 expeditione
381 750 500 778 contra
509 745 761 779 Chambdanum

105 791 167 831 20,
187 791 242 824 13.
260 791 456 834 conquestio
472 790 656 835 Nicephori
669 792 761 824 Pho-

110 846 171 868 cae
185 835 273 879 apud
288 835 506 879 Polyeuctum
523 837 762 880 patriarcham,

109 880 153 913 de
164 880 296 914 insidiis
318 881 383 914 sibi
408 882 451 915 ab
468 881 611 926 Iosepho
631 882 762 926 Bringa

109 926 247 959 structis
266 927 324 967 33,
346 928 380 961 2.
405 927 513 960 oratio
529 926 674 962 Mariani
694 928 762 961 Pa—

865 300 948 333 opes
973 291 1036 324 sub
1060 291 1187 326 Basilio
1209 293 1256 327 II.
1282 294 1366 340 Imp.
1388 295 1522 332 fractae

865 337 945 376 183,
964 335 998 371 4.
1016 337 1065 370 ibi
1081 338 1220 372 rebellio
1237 339 1371 374 Bardae
1380 340 1519 378 Phocae

865 381 994 461 {³3:¹¹}-
1024 383 1110 418 Vide
1125 395 1253 429 quoque
1268 385 1523 422 Anatolieorum

822 471 983 515 Origenis
1008 470 1101 505 locus
1126 472 1252 508 Homil.
1273 474 1308 508 in
1333 475 1521 519 Ieremias),

863 520 1520 604 fiest‘i‘ffifffict.{tfflgssmssf

862 607 899 641 in
920 609 958 641 S.
977 609 1206 651 Matthaeum,
1229 610 1311 645 item
1328 613 1370 646 ab
1387 613 1515 646 Huetio

862 664 1041 698 perperam
1069 666 1191 688 versus
1221 653 1308 697 400,
1340 657 1398 693 45.
1430 658 1520 692 alius

863 699 978 740 locus,
1001 699 1035 733 in
1056 711 1120 744 quo
1146 700 1275 745 lapsus.
1289 701 1408 736 Huetii
1432 704 1514 745 399,

862 745 896 779 5.
929 744 1097 788 Origenes
1121 746 1314 780 emendatus
1338 747 1374 782 in
1398 749 1518 783 Prole-

862 790 1012 832 gomenis
1021 790 1246 836 Hexaplorum
1262 793 1342 834 505,
1358 793 1414 832 34.
1429 794 1512 830 Ori-

862 845 965 877 genes
990 835 1177 869 illustratus
1204 836 1285 878 482,
1308 839 1364 874 36.
1387 837 1444 874 41·-

815 876 1082 925 *Ὁρμητιαῑος,
1091 883 1265 924 incitatus,
1282 885 1425 928 rapidus
1435 883 1516 927 443,

861 927 918 960 31.

109 971 220 1012 tricii,
252 977 325 1005 cum
354 973 387 1006 ei
413 985 433 1006 a
456 973 600 1017 Iosepho
634 973 764 1017 Bringa
815 965 1046 1016 1’Ὁρμηι-ἠκς,
1058 972 1424 1013 fervidus‚incitatus.·
1440 974 1516 1008 eius

107 1017 280 1061 imperium
301 1017 486 1052 offerretur
501 1020 557 1057 37,
580 1019 613 1053 7.
638 1018 763 1052 adhor-

108 1063 235 1096 tatoria
262 1063 397 1097 loannis
419 1064 612 1098 Tzimiscae
635 1064 677 1097 ad
695 1064 762 1098 Ni-

56 1123 59 1126 ·
107 1111 287 1153 cephorum
314 1109 460 1143 Phocam
482 1111 546 1150 38,
571 1112 630 1145 22.
652 1109 761 1143 oratio

108 1153 298 1198 Nicephori
327 1154 484 1196 Phocae,
518 1155 561 1188 ad
590 1155 762 1199 imperium

56 1224 58 1226 v
113 1199 245 1240 evecti,
276 1199 312 1232 in
340 1200 462 1233 castris
488 1200 531 1233 ad
558 1202 763 1234 Caesaream

105 1246 172 1286 42,
214 1248 245 1280 1.
281 1245 429 1278 eiusdem
464 1245 498 1278 in
535 1236 672 1280 militem
703 1246 762 1291 qui

55 1313 58 1315 -
107 1291 261 1335 clypeum
293 1291 466 1324 abiecerat
486 1293 552 1332 57,
585 1293 638 1327 15.
671 1291 762 1325 eius-

107 1335 183 1369 dem
201 1335 236 1369 in
253 1335 384 1379 legatos
401 1336 625 1380 Bulgarorum
647 1339 704 1378 62,
727 1337 759 1371 4.

108 1381 151 1414 ad
174 1381 356 1414 exercitum
382 1382 418 1415 in
444 1382 566 1416 castris
589 1388 668 1416 ante
690 1383 759 1416 An-

106 1426 265 1460 tiochiam
288 1429 346 1467 72,
366 1428 423 1462 23.
442 1429 551 1460 oratio
573 1428 760 1472 Theopha-

55 1496 59 1499 -
106 1472 202 1506 nonis
231 1473 405 1516 Augustae
434 1485 496 1518 pro
523 1474 647 1508 Ioanne
675 1473 759 1506 Tzi-

105 1517 208 1551 misce
219 1518 316 1551 exule
331 1518 387 1558 84,
399 1520 431 1553 8.
446 1519 616 1553 invectiva
625 1519 758 1553 Ioannis

52 1586 55 1587 ν
107 1562 300 1596 Tzimiscae
315 1563 350 1596 in
362 1564 593 1608 Nicephorum
611 1565 759 1598 Phocam

106 1607 188 1652 Imp.
222 1608 286 1649 88,
327 1611 360 1644 9.
394 1609 527 1642 Ioannis
565 1610 759 1643 Tzimiscae

863 1016 1084 1051 auctoritates
1107 1017 1175 1052 443
1183 1042 1193 1057 ,
1216 1019 1274 1053 22.

817 1061 860 1094 ad
878 1063 1040 1096 Orontem
1059 1062 1127 1095 sita
1148 1063 1327 1097 Antiochia
1353 1066 1430 1104 100,
1458 1065 1512 1100 13.

819 1107 1051 1140 Orthodoxiae
1070 1108 1191 1141 festum
1208 1109 1341 1153 quando
1363 1109 1513 1143 celebra-

862 1153 962 1232 llzgtur
985 1153 1085 1197 Cpli,
1106 1160 1142 1186 et
1159 1165 1258 1198 quam
1282 1155 1324 1188 ob
1341 1166 1412 1189 rem
1433 1155 1514 1197 460,

806 1240 976 1278 ‘'Ooov‘ffi
989 1240 1044 1278 ἔπ’
1063 1240 1201 1290 ἐκείνῳ,
1219 1243 1317 1278 cuius
1333 1244 1512 1279 vicemen-

860 1289 941 1323 (lose
957 1288 1081 1332 legitur
1099 1286 1183 1324 ὅσον
1202 1291 1253 1336 τῷ
1271 1287 1332 1325 ἐπ’
1356 1287 1408 1325 ἐκ.
1432 1289 1513 1332 430,

859 1335 916 1368 29.
935 1331 1024 1369 ὅσον
1045 1329 1128 1379 ἧκεν
1139 1337 1191 1376 εἰς
1208 1333 1269 1380 ἐμὲ
1287 1339 1322 1369 et
1335 1331 1423 1371 ὅσον
1439 1334 1515 1371 ἐστὶ

859 1380 946 1413 male
959 1380 1132 1414 intellecta
1157 1383 1239 1417 ibid.
1263 1379 1320 1415 40.
1343 1379 1433 1424 431,
1457 1384 1512 1417 10.

861 1422 950 1460 οὐδὲ
981 1424 1067 1461 ὅσον
1092 1438 1270 1471 perperam
1298 1426 1469 1460 redditum
1492 1439 1514 1461 a

859 1470 1121 1506 Montefalconio
1139 1473 1228 1517 apud
1246 1473 1282 1505 S.
1296 1472 1513 1507 Athanasium

859 1516 946 1557 482,
970 1515 1027 1551 44.
1060 1529 1194 1552 errores
1224 1518 1445 1561 interpretum
1477 1518 1513 1551 in

860 1562 913 1605 1.)
932 1558 1019 1597 ὅσον
1041 1559 1157 1604 οὔπω,
1179 1564 1231 1606 2.)
1249 1559 1336 1598 ὅσον
1354 1560 1512 1605 οὐδέπω,

858 1607 913 1651 3.)
928 1606 1015 1643 ου’δὲ
1039 1606 1126 1643 ὅσον
1149 1607 1228 1649 482,
1244 1610 1302 1643 25.

814 1652 905 1686 Ossa
920 1661 997 1697 post
1013 1654 1219 1687 Chambdani
1237 1653 1363 1688 cladem
1389 1654 1509 1699 perdiu

105 1654 189 1698 Imp.
215 1653 258 1686 ad
275 1659 427 1688 senatum
447 1659 482 1688 et
500 1656 690 1700 episcopos,
714 1656 757 1688 de

856 1704 935 1742 post
963 1698 997 1731 in
1026 1699 1100 1732 loco
1128 1710 1261 1743 pugnae
1289 1699 1366 1733 visa
1388 1701 1451 1740 23,
1475 1702 1508 1734 7.

105 1699 233 1733 Basilio
248 1699 440 1743 patriarcha
452 1701 596 1733 creando
608 1703 687 1741 101,
699 1703 755 1735 21.

105 1743 276 1779 invectiva
292 1744 424 1779 Bardae
441 1746 575 1780 Phocae
600 1746 756 1788 rebellis,
857 1744 980 1795 o-ssium
1004 1744 1119 1778 acervi
1139 1746 1182 1777 ad
1199 1745 1416 1786 Anchialum,
1439 1745 1509 1778 cla-

104 1789 140 1825 in
167 1790 322 1843 Ioannem
346 1791 547 1844 'I'zimiscem
568 1792 652 1835 Imp.
677 1794 754 1832 116,
855 1788 908 1821 dis
941 1789 1165 1823 Romanorum
1185 1796 1398 1824 monumenta
1429 1789 1510 1832 174,

106 1837 140 1870 7⁰
164 1836 311 1869 eumdem
333 1835 375 1869 ad
398 1848 497 1878 suos,
522 1848 628 1881 lpsum
654 1837 754 1870 dese-
809 1836 981 1913 Osltilarius
997 1879 1118 1925 aliquis
1134 1879 1251 1925 palatii
1263 1879 1508 1925 CplitaniLeo-

856 1925 890 1957 ni
903 1926 1132 1969 Curopalatae
1142 1926 1260 1959 rebelli
1272 1926 1366 1960 favet
1377 1924 1454 1967 146,
1471 1927 1506 1962 4.

814 1970 974 2015 [Ottones
998 1971 1240 2015 Luitprandum
1264 1971 1308 2005 ad
1331 1971 1508 2016 Nicepho-

856 2026 927 2048 rum
953 2016 1101 2050 Phocam
1123 2016 1234 2061 Cplim
1263 2017 1400 2051 mittunt
1426 2017 1507 2053 343.

858 2061 942 2094 Otto
995 2061 1080 2106 Imp.
1135 2062 1272 2096 Romam
1327 2062 1509 2108 occupavit

857 2105 1024 2147 xxxm,
1047 2107 1096 2150 7.]

813 2151 904 2228 0th
923 2157 957 2184 et
971 2151 1372 2234 Ephialtesgoinaegaelum
1388 2162 1507 2187 ascen-

881 2208 938 2230 ere
962 2209 1066 2231 conan
1084 2209 1120 2231 es
1269 2223 1278 2231 0

815 2239 947 2277 Ov'ui'z’
968 2241 1040 2278 ἔστι
1066 2222 1212 2277 fortass’e
1229 2245 1391 2278 mutatum
1409 2242 1444 2276 in
1460 2239 1506 2278 οὖ

857 2287 996 2333 μέτεστι
1017 2289 1082 2331 45,
1106 2291 1160 2323 10.

817 2335 962 2369 Τούτου
996 2340 1031 2368 et
1059 2335 1191 2370 τοῦτον
1222 2333 1363 2367 confusa
1393 2333 1438 2373 3,
1473 2333 1509 2367 1.

857 2380 960 2416 τουτὶ
976 2391 1150 2425 perperam
1169 2379 1330 2422 scriptum
1347 2389 1407 2422 pro
1421 2390 1508 2412 του-

856 2426 942 2461 τουῒ
973 2427 1036 2468 58,
1064 2428 1098 2461 2.
1131 2426 1274 2460 τούτων
1306 2428 1340 2456 et
1371 2424 1507 2458 τοῦτον

857 2473 998 2506 confusa
1024 2471 1087 2512 14,
1109 2472 1143 2505 2.
1174 2468 1310 2513 ταύτην
1333 2472 1369 2501 et
1390 2466 1506 2523 toejiry

858 2518 942 2558 184,
965 2517 998 2550 8.
1021 2518 1166 2550 fortasse
1189 2516 1299 2550 τοῦτο
1317 2517 1352 2546 et
1370 2526 1507 2550 τουτο-υ

858 2565 942 2603 172,
966 2564 998 2597 8.
1024 2561 1175 2595 confusio
1192 2570 1310 2593 vocum
1334 2560 1445 2595 τοῦτο
1469 2563 1505 2595 et

106 1885 220 1914 rentes
254 1883 340 1922 120,
371 1883 425 1917 17.
456 1883 500 1915 ad
534 1883 677 1928 aliquem
713 1894 755 1915 ex

104 1925 258 1960 hostibus
292 1926 565 1971 insequentibuS,
596 1933 632 1962 ut
663 1939 755 1961 suam

103 1972 272 2006 fortunam
289 1977 465 2006 vereretur
490 1975 567 2014 125,
590 1976 623 2009 5.
648 1973 756 2007 oratio

103 2017 238 2050 Ioannis
266 2018 456 2052 Tzimiscae
485 2019 527 2052 ad
556 2019 681 2061 duces,
715 2019 758 2052 de

102 2062 232 2096 Haemo
249 2068 359 2097 monte
372 2065 538 2109 evestigio
557 2064 756 2098 traiiciendo

108 2110 191 2149 130,
219 2110 271 2143 19.
298 2110 406 2142 oratio
432 2110 538 2144 altera
559 2111 757 2144 adhortato-

52 2189 56 2193 ,
106 2152 159 2186 ria
174 2153 308 2188 Ioannis
328 2155 519 2190 'l'zimiscae
528 2157 610 2200 Imp.
630 2156 672 2189 ad
692 2156 757 2188 du·-

106 2209 175 2238 ces,
197 2197 239 2232 de
255 2200 484 2234 occasionibus
500 2202 534 2234 in
551 2202 638 2235 bello
657 2201 757 2234 avide

105 2242 346 2286 amplectendis
369 2247 444 2287 131,
468 2248 520 2283 19.
540 2247 668 2291 qualem
680 2258 757 2280 ora-

104 2288 230 2322 tionem
247 2294 326 2323 ante
341 2292 501 2334 praelium
521 2293 681 2326 adversus
693 2293 757 2326 Sa-

104 2343 246 2367 racenos
288 2335 356 2368 dux
399 2335 567 2371 Romanus
603 2338 646 2371 ad
680 2349 756 2371 suos

105 2378 231 2412 habere
255 2379 364 2423 possit
385 2383 464 2424 251,
483 2385 540 2419 21.
573 2384 657 2417 l‘ide
677 2395 757 2428 quo-

105 2436 167 2468 quc
189 2424 407 2469 Responsum.

54 2466 226 2512 Ὀρεκτόν
251 2476 285 2503 et
307 2468 440 2515 ἐφετὸν
473 2473 563 2518 apud
588 2473 757 2508 Aristote-

105 2515 188 2548 licos
213 2526 320 2560 paene
344 2528 529 2562 synonyma
549 2518 629 2560 447,
654 2521 710 2555 33.

53 2560 202 2594 Orestes
214 2563 469 2604 Agamemnonis
486 2564 526 2597 F.
546 2565 755 2610 Adrianopo-

104 2605 146 2638 lis
170 2606 323 2640 conditor
349 2609 424 2648 130,
451 2610 513 2644 11.·
855 2607 972 2650 τούτῳ
998 2608 1057 2647 13,
1078 2608 1130 2641 13.
1153 2606 1270 2639 ταῦτα
1285 2610 1320 2639 et
1340 2603 1428 2642 τάδε
1445 2607 1504 2648 72,

60 2648 95 2683 in
115 2651 257 2685 ecclesia
275 2653 311 2687 S.
332 2653 475 2697 Georgii
495 2655 562 2690 τοῦ
579 2651 755 2699 Ὀριοὶτου
854 2655 910 2689 23.
934 2654 1051 2687 ταῦτα
1074 2656 1108 2684 et
1130 2649 1213 2685 τότε
1234 2649 1313 2691 471,
1335 2647 1391 2686 40·

106 2695 183 2729 olim
201 2697 377 2741 depositus
398 2699 515 2734 Codex
533 2700 663 2746 Regius
675 2700 755 2737 497.
805 2697 1019 2742 Ὀφθαλμοὶ
1051 2694 1154 2731 ω”των
1178 2695 1401 2739 πιστότεροι,
1424 2707 1504 2731 sen-

103 2739 190 2783 444,
210 2744 265 2777 10.
855 2743 962 2778 tentia
980 2742 1145 2777 Herodoti
1166 2743 1208 2784 5,
1223 2743 1282 2779 20.
1306 2739 1504 2787 ὀφθαλμὸς
