1748 3094
292 142 388 192 354
488 143 499 153 Χ
690 146 1030 190 LUITPRANDI
1056 145 1308 189 LEGATIO

296 262 398 294 mata
419 255 492 294 sibi
517 254 706 306 usurpat?
734 258 898 302 utraque
924 264 1005 288 non
1026 256 1118 288 sunt
1145 251 1322 301 ferenda;
1351 251 1422 290 etsi
1449 245 1608 302 utraque
1629 252 1705 290 im-

292 323 516 375 portabilia,
544 321 649 359 istud
668 326 724 357 est
741 331 820 356 non
839 318 1038 356 ferendum
1050 346 1062 363 ,
1091 318 1209 355 immo
1227 331 1300 356 nee
1317 318 1548 357 audiendum
1561 347 1572 368 ,
1601 319 1707 369 quod

296 400 337 429 se
367 390 640 441 Imperatorem
670 384 855 422 nominat.
917 384 991 422 Sed
1024 384 1056 421 si
1088 385 1291 424 confirmas
1319 386 1472 436 eadem,
1510 398 1607 436 quae
1633 386 1708 436 ipsi

293 457 468 494 fecerunt
479 484 490 503 ,
530 455 773 491 fortunatum
808 457 846 488 te
874 457 989 501 atque
1021 451 1255 503 locupletem
1285 453 1442 505 Imperii
1474 452 1597 490 nostri
1620 452 1708 489 Ma-

292 523 406 560 iestas
434 521 511 558 cito
534 519 715 557 dimittet.
770 518 814 555 Id
834 523 961 555 autem
979 530 1022 554 eo
1043 532 1123 555 non
1144 519 1263 568 dixit,
1297 525 1343 558 ut
1359 533 1430 558 vos
1443 548 1453 567 ‚
1482 518 1513 556 si
1530 531 1613 556 mea
1632 517 1708 557 hoc

291 588 456 627 stultitia
475 588 629 634 faceret,
659 590 903 622 conservatos
922 596 1111 634 sperarem
1128 583 1198 635 21),
1227 586 1295 623 sed
1316 585 1443 624 voluit
1458 585 1597 624 habere
1613 598 1709 636 prae

290 655 468 693 manibus
499 652 605 704 quod
630 651 673 688 in
694 651 847 688 laudem
875 663 981 687 suam
1010 657 1047 687 et
1077 652 1349 690 contumeliam
1375 658 1547 690 nostram
1574 657 1707 690 osten-

292 722 401 760 deret
426 720 570 758 futuris
596 718 843 769 temporibus.
901 716 973 753 Cui
989 717 1167 766 inquam:
1195 732 1321 769 nuper
1338 718 1606 756 Sanctissimus
1626 718 1707 755 Do-

290 787 418 825 minus
444 799 571 834 meus,
599 791 646 822 ut
674 790 731 822 est
759 782 1069 834 Sapientis-simus
1097 790 1135 821 et
1160 784 1309 835 Spiritu
1329 785 1397 823 Dei
1421 785 1581 835 plenus,
1610 784 1708 823 haee

143 856 183 888 P.
207 853 274 890 483
295 865 572 906 praenoscens,
611 863 708 901 quae
738 850 897 896 asseris,
931 862 981 886 ne
1009 850 1213 900 terminos,
1243 865 1340 903 quos
1369 852 1568 890 constituit
1594 851 1705 900 mihi,

155 900 227 934 0⁰¹*
251 903 270 935 1
292 920 605 959 transcenderem
636 914 812 968 ἐντολήν,
847 916 890 953 id
918 922 977 954 est
1011 924 1281 970 praeceptum,
1317 917 1565 969 conscripsit,
1602 918 1707 968 q‘uod

288 993 327 1024 et
345 986 470 1036 sigillo
497 984 662 1034 signavit
691 997 781 1032 suo,
814 996 863 1020 ne
895 996 1003 1020 secus
1038 984 1214 1022 facerem.
1271 985 1353 1023 Scis
1372 984 1531 1022 Domine
1547 984 1602 1020 mi
1620 984 1706 1022 Au-

288 1057 415 1103 guste,
445 1064 522 1101 qua
549 1050 590 1087 id
610 1050 751 1087 fiducia
779 1049 968 1086 dixerim?
997 1047 1157 1101 ἐντολήν
1176 1050 1283 1088 istud
1308 1052 1350 1089 in
1373 1051 1542 1089 medium
1570 1051 1706 1102 profe-

287 1125 419 1167 ratur,
450 1123 487 1155 et
509 1116 696 1167 quidquid
715 1115 887 1163 iusserit,
916 1115 1131 1153 iuramento
1161 1130 1183 1154 a
1203 1130 1262 1154 me
1289 1118 1361 1155 tibi
1388 1118 1574 1156 firmetur.
1630 1116 1705 1154 Sed

288 1183 488 1236 praeteriti
522 1183 677 1230 nuncii,
716 1187 870 1232 praeter
897 1181 1105 1219 iussionem
1134 1184 1287 1221 Domini
1322 1185 1397 1222 mei
1431 1184 1704 1236 promiserunt,

289 1252 542 1298 iuraverunt,
573 1248 908 1298 conscripserunt,
936 1248 989 1285 ita
1018 1254 1096 1297 est,
1126 1254 1171 1286 ut
1190 1250 1299 1287 Plato
1325 1250 1398 1288 ait:
1439 1251 1556 1288 Causa
1586 1262 1703 1300 penes

291 1323 508 1369 optantem,
537 1317 638 1352 Deus
666 1321 775 1352 extra
800 1316 966 1366 culpam.
1021 1315 1090 1352 His
1111 1316 1274 1366 expletis
1299 1308 1459 1354 ventum
1485 1322 1543 1354 est
1562 1316 1611 1353 ad
1626 1329 1713 1359 nos

288 1384 494 1421 bilissimos
527 1382 744 1432 Principes,
786 1382 1008 1432 Capuanum
1037 1388 1075 1419 et
1110 1383 1442 1431 Beneventanum,
1482 1397 1579 1433 quos
1619 1383 1702 1434 ipse

290 1455 423 1487 servos
441 1449 641 1497 nominat,
672 1454 709 1485 et
733 1448 781 1484 ob
802 1461 896 1497 quos
917 1448 1126 1485 intestinus
1146 1449 1273 1499 ipsum
1293 1450 1412 1500 agitat
1431 1450 1553 1489 dolor.
1609 1451 1702 1487 Ser-

288 1530 381 1561 VOS,
409 1515 555 1566 inquit,
585 1528 687 1551 meos
713 1515 895 1552 Dominus
923 1521 1016 1559 tuus
1040 1515 1082 1551 in
1102 1515 1260 1552 tutelam
1279 1516 1420 1566 recipit
1447 1530 1574 1564 suam,
1604 1529 1701 1566 quos

253 1583 322 1620 Bsi
351 1596 431 1619 non
460 1581 667 1630 dimiserit,
704 1587 741 1618 et
769 1581 810 1618 in
838 1581 1042 1632 pristinam
1074 1581 1296 1620 servitutem
1323 1582 1531 1632 redegerit,
1567 1588 1702 1620 nostra

289 1649 456 1686 amicitia
485 1648 648 1695 carebit3
688 1648 765 1698 ipsi
790 1647 831 1685 in
850 1648 1060 1699 Imperium
1080 1654 1257 1685 nostrum
1276 1654 1323 1686 ut
1338 1649 1600 1700 recipiantur,
1627 1648 1702 1685 ssa-

286 1716 429 1765 gitant3
460 1715 529 1752 sed
553 1720 705 1752 recusat
736 1727 798 1751 eos
836 1721 1012 1752 nostrum
1048 1714 1281 1765 Imperium,
1324 1717 1369 1752 ut
1399 1720 1635 1764 cognoscant
1663 1720 1702 1752 et

288 1782 560 1833 experiantur,
590 1793 705 1831 quam
732 1780 989 1830 periculosum
1019 1780 1067 1817 sit
1085 1793 1216 1818 servos
1239 1795 1261 1818 a
1287 1781 1458 1819 Dominis
1476 1781 1698 1830 declinasse,

287 1849 510 1885 servitutem
528 1847 704 1897 effugere.
732 1848 782 1884 Et
794 1853 849 1884 est
858 1847 1052 1885 decentius
1064 1847 1226 1885 Domino
1237 1853 1317 1897 tuo,
1329 1854 1375 1886 ut
1385 1848 1481 1885 mihi
1492 1861 1557 1885 eos
1570 1848 1699 1885 tradat

290 1913 454 1958 amicus,
483 1927 594 1963 quam
620 1913 715 1950 mihi
749 1913 918 1950 dimittat
947 1912 1103 1951 invitus.
1166 1914 1425 1965 Experientur
1451 1914 1588 1964 plane,
1615 1913 1698 1951 vita

287 1979 438 2027 comite,
469 1981 562 2029 quid
586 1981 636 2017 sit
656 1980 792 2018 herum
819 1981 972 2028 fallere,
1002 1980 1098 2030 quid
1117 1980 1166 2017 sit
1181 1981 1401 2018 servitutem
1421 1981 1614 2028 deserere,
1643 1985 1695 2028 et,

288 2051 333 2082 ut
351 2052 466 2095 puto,
494 2047 664 2084 sentiunt
680 2061 785 2084 nunc
808 2047 911 2098 quod
931 2045 1016 2083 dico
1030 2075 1040 2093 ,
1070 2048 1313 2096 operantibus
1332 2046 1409 2084 hoc
1430 2047 1571 2084 nostris
1583 2076 1595 2095 ,
1625 2046 1695 2096 qui

289 2118 381 2148 sunt
400 2112 503 2149 ultra
525 2126 649 2161 mare,
681 2113 879 2151 militibus.
939 2112 1091 2158 Quibus
1110 2114 1344 2164 respondere
1361 2125 1422 2150 me
1439 2125 1519 2150 non
1544 2112 1695 2164 permi-

288 2174 351 2224 sit,
379 2177 447 2214 sed
467 2178 570 2215 abire
595 2179 822 2230 cupientem,
852 2181 900 2218 ad
921 2193 1088 2217 mensam
1100 2192 1209 2215 suam
1223 2179 1351 2216 redire
1371 2179 1577 2230 praecepit.
1621 2179 1695 2216 cui

286 2249 397 2294 pater
413 2244 573 2292 assedit,
601 2245 738 2293 homo,
766 2252 811 2283 ut
833 2246 929 2291 mihi
949 2245 1167 2293 videbatur,
1195 2252 1306 2283 natus
1325 2251 1480 2283 centum
1499 2245 1693 2295 quinqua-

251 2309 393 2359 Cginta
419 2310 538 2347 annis.
595 2311 664 2347 Cui
684 2312 816 2349 itidem
841 2319 886 2350 ut
912 2313 1014 2359 filio,
1046 2311 1182 2348 Graeci
1207 2311 1249 2348 in
1275 2312 1472 2357 laudibus,
1495 2312 1612 2349 immo
1631 2312 1692 2348 in·

282 2375 409 2414 ventis
433 2376 534 2422 suis,
560 2376 656 2413 Deus
683 2391 801 2416 annos
823 2385 868 2416 ut
893 2377 1123 2428 multiplicet
1153 2379 1406 2417 conclamant.
1464 2379 1549 2425 Qua
1565 2379 1608 2415 in
1632 2389 1690 2425 re,

286 2455 400 2493 quam
422 2442 501 2479 sint
519 2442 654 2479 Graeci
673 2443 805 2493 stulti,
836 2457 998 2495 quamve
1018 2443 1132 2480 huius
1153 2444 1297 2493 gloriae
1318 2451 1527 2493 amatores,
1554 2456 1690 2494 quam-

283 2521 332 2547 ve
357 2499 584 2547 adulatores*
583 2518 596 2556 ‚'
613 2497 739 2559 ³quam
773 2512 923 2562 cupidi,
960 2510 1051 2547 hinc
1081 2510 1260 2558 colligere
1287 2522 1512 2561 possumus:
1550 2514 1689 2559 optant

284 2576 358 2612 soli
378 2589 459 2614 non
475 2577 582 2625 sola,
603 2576 678 2614 sed
698 2576 912 2626 silicernio,
944 2576 1049 2626 quod
1067 2581 1244 2615 naturam
1263 2577 1386 2628 ipsam
1403 2589 1483 2613 non
1505 2574 1586 2626 pati
1600 2587 1688 2613 cer-

327 2705 389 2747 21)
411 2700 504 2739 Fort-
526 2711 714 2740 amaturos
731 2710 891 2749 speraret.
919 2705 1024 2738 Mur.
