1748 3094
379 246 382 250 ·
420 222 500 267 AD
526 221 907 267 NICEPHORUM
930 222 1185 268 PHOCAM.
1405 219 1502 268 371

70 339 180 378 mus,
207 326 389 377 obedire,
416 326 554 365 audiat
576 339 671 375 vos,
699 338 866 378 quorum
892 327 1018 380 copiis
1043 341 1127 367 non
1146 327 1263 366 audet
1284 328 1508 368 cadavero-

71 397 140 433 sus
166 406 389 434 eccm-mre.
445 392 555 442 Hoc,
583 393 745 444 inquam
759 422 771 443 ‚
789 399 868 442 est,
897 394 1006 446 quod
1026 407 1099 434 nos
1120 394 1339 447 Apostoliei
1352 395 1508 435 Domini

71 467 113 499 et
138 459 425 499 commilitones
458 459 585 498 nostri
619 460 748 499 faeere
772 460 926 501 volunt.
981 460 1070 499 Non
1096 466 1155 500 est
1181 474 1205 500 a
1233 461 1392 500 Graecis
1417 463 1541 501 130-ss

70 539 209 566 manus
231 526 326 566 vilis
351 526 544 566 tenendus
569 527 704 577 locus,
741 527 834 579 quia
856 526 1016 566 recessit
1042 526 1136 566 inde
1158 527 1378 581 Imperator
1405 530 1507 568 Cou-

72 591 293 643 shntinus3
319 605 456 633 verum
493 605 540 632 eo
570 594 693 645 magis
723 594 930 644 colendus,
966 593 1232 645 venerandus,
1267 595 1504 646 adorandus,

74 661 167 712 quis
191 665 387 700 venerunt
408 660 508 698 illuc
536 658 719 712 Apostoli
744 661 926 700 doctores
941 660 1098 711 Sancti,
1119 661 1259 701 Petrus
1287 668 1326 701 et
1351 663 1506 703 Paulus.

72 727 132 766 Ac
150 726 199 765 de
215 726 277 765 his
296 726 390 765 satis
411 738 474 765 me
491 726 692 778 scripsisse
709 727 895 778 sufficiat,
923 727 1048 766 donec
1068 728 1148 767 Deo
1171 728 1376 780 largiente,
1399 730 1507 782 ,San-

73 793 413 845 ctissimorumque
430 793 709 846 Apostolorum
738 793 979 833 orationibus
990 823 1003 845 ,
1031 807 1081 833 ex
1096 795 1337 835 Graecorum
1352 803 1508 848 ereptus

72 861 266 909 manibus,
289 873 362 899 vos
378 859 530 899 adeam-
578 861 631 899 Et
645 868 743 899 tunc
758 875 839 900 non
855 861 1007 900 taedeat
1023 861 1166 911 dicere,
1194 863 1301 914 quod
1317 862 1384 901 hic
1400 876 1509 901 nunc

72 927 201 980 piguit
227 926 420 976 scribere3
465 940 575 965 nunc
603 927 653 965 ad
682 930 928 981 propositum
954 927 1171 968 redeamus.
1236 929 1387 968 Octavo
1417 929 1510 969 Idus

73 993 297 1032 Decembris
318 994 525 1032 Leucatem
551 994 750 1044 venimus,
778 995 847 1034 ubi
874 996 922 1034 ab
941 996 1139 1048 Episcopo
1167 994 1292 1048 ipsius
1317 996 1398 1034 loci
1420 996 1507 1035 Eu-
1528 999 1569 1032 P.
1593 997 1661 1035 489

75 1060 228 1109 nucho,
256 1060 358 1099 sicut
374 1067 414 1098 et
431 1060 576 1112 ubique
600 1060 648 1098 ab
670 1062 781 1112 aliis,
809 1062 1131 1101 inhumanissime
1158 1064 1330 1116 suscepti
1358 1071 1398 1103 et
1427 1070 1507 1103 tra-
1529 1044 1603 1079 C⁰L
1627 1048 1647 1080 ¹

77 1128 172 1166 etati
198 1140 343 1167 sumus.
397 1127 444 1166 In
473 1128 580 1166 omni
610 1128 795 1179 Graecia,
832 1129 1041 1168 veritatem
1070 1129 1184 1179 dico,
1218 1143 1302 1168 non
1326 1130 1508 1178 mentior,

75 1208 160 1234 non
181 1194 311 1246 reperi
334 1193 544 1246 hospitales
569 1195 795 1248 Episcopos.
850 1196 1002 1235 Divites
1025 1202 1139 1245 sunt,
1172 1209 1364 1248 pauperes
1394 1203 1508 1237 sunt:

78 1262 221 1301 divites
253 1261 403 1311 aureis,
440 1261 581 1312 quibus
609 1262 726 1313 plena
752 1262 904 1300 luditur
933 1265 1046 1301 arca:
1085 1276 1274 1315 pauperes
1299 1263 1507 1313 ministris,

78 1341 149 1367 seu
172 1328 418 1367 utensilibus.
474 1328 558 1366 Soli
578 1328 774 1366 mensulae
793 1328 962 1367 assident
988 1328 1137 1378 nudae,
1164 1329 1429 1380 paximacium
1446 1327 1509 1383 ⁴⁰)

78 1395 153 1434 sibi
179 1401 441 1447 apponentes,
468 1395 685 1446 balneaque
708 1401 804 1433 tuuc
835 1395 940 1433 vitro
971 1394 1198 1446 permodico
1228 1408 1310 1433 non
1335 1394 1511 1434 bibentes

78 1462 147 1501 sed
165 1461 424 1500 sorbillantes.
477 1462 558 1514 Ipsi
582 1462 797 1511 vendunt„
812 1460 891 1513 ipsi
906 1468 1059 1511 emunt3
1088 1461 1188 1500 ostia
1206 1460 1282 1513 ipsi
1307 1461 1511 1510 claudunt,

78 1529 157 1581 ipsi
181 1529 384 1581 aperiunt3
419 1528 498 1580 ipsi
525 1528 711 1581 dapiferi,
748 1528 825 1580 ipsi
861 1522 1062 1579 agasones,
1099 1528 1177 1580 ipsi
1199 1541 1388 1580 capones;
1428 1528 1510 1577 sed,

80 1595 153 1646 ha,
191 1607 387 1648 caupones
413 1595 524 1633 volui
552 1595 742 1642 scribere3
778 1609 915 1634 verum
950 1609 1014 1634 res
1048 1596 1153 1648 ipsa,
1193 1608 1290 1646 qnae
1316 1608 1411 1634 vera
1439 1601 1511 1645 est,

82 1662 286 1702 veritatem
306 1662 421 1700 etiam
441 1662 639 1700 nolentem
658 1661 849 1713 compulit
864 1662 1051 1701 scribere:
1081 1662 1246 1700 dicimus
1269 1661 1393 1709 enim,
1421 1660 1513 1712 quia

83 1741 251 1780 capones
266 1734 377 1776 sunt,
405 1727 447 1765 id
467 1734 525 1766 est
545 1728 735 1778 eunuchi,
765 1728 873 1779 quod
891 1729 1122 1767 canonicum
1146 1741 1227 1766 non
1247 1734 1326 1767 est:
1356 1734 1450 1765 sunt
1470 1727 1545 1767 etB

83 1807 279 1847 caupones
291 1823 302 1842 ,
328 1793 373 1831 id
394 1800 451 1832 est
468 1794 695 1844 tabernarii,
725 1795 833 1845 quod
851 1801 989 1833 contra
1006 1796 1179 1833 Cauones
1199 1801 1279 1834 est:
1308 1807 1473 1846 quorum

251 1858 399 1921 Incipit
426 1877 463 1908 et
482 1870 639 1909 claudit
658 1885 816 1909 coenam
837 1873 998 1909 lactuca
1018 1878 1201 1920 tenacem,

254 1925 450 1964 Claudere
476 1941 580 1978 quae
599 1941 739 1964 coenas·
756 1928 917 1965 lactuca
934 1927 1085 1965 aolelmt
1104 1940 1285 1967 avorum.

86 2005 234 2044 Felices
264 2017 351 2052 eos,
389 2005 422 2042 si
445 2011 713 2056 paupertatem
744 2005 890 2043 Christi
919 2005 1017 2044 haec
1046 2005 1284 2053 imitaretur,
1320 2017 1511 2057 pauperes

86 2071 314 2110 iudicarem.
370 2070 479 2108 Facit
494 2069 573 2108 hoc
587 2084 698 2122 asper
714 2085 895 2110 nummus
907 2102 918 2121 ,
948 2078 988 2111 et
1009 2072 1092 2110 auri
1112 2085 1221 2110 sacra
1239 2071 1373 2109 fames.
1432 2071 1514 2110 Ve-

86 2153 177 2178 rum
204 2144 341 2190 parcat
368 2136 449 2175 illis
468 2137 583 2176 Deus.
637 2137 725 2175 Hoc
751 2151 796 2176 eo
820 2138 910 2176 illos
936 2145 1033 2190 puto
1055 2138 1206 2185 facere,
1236 2138 1422 2189 quoniam
1442 2151 1514 2176 eo‘-

87 2218 177 2243 rum
197 2204 389 2242 Ecclesiae
408 2210 501 2241 sunt
524 2204 760 2243 tributariae.
789 2205 1039 2244 Leucarensis
1057 2204 1155 2242 mihi
1178 2204 1326 2243 iuravit
1347 2204 1514 2256 Episco-

89 2283 184 2323 pus,
213 2271 417 2320 quotannis
434 2270 646 2308 Ecclesiam
669 2285 777 2309 suam
803 2271 940 2310 debere
959 2271 1180 2324 Nicephoro
1200 2283 1336 2309 aureos
1354 2277 1513 2309 centum

90 2336 331 2389 persolvere,
361 2337 540 2375 similiter
566 2343 605 2375 ct
643 2344 811 2376 caeteras
838 2339 929 2390 plus
952 2338 1149 2387 minusve,
1178 2337 1392 2376 secundum
1409 2337 1512 2375 vires

91 2415 193 2441 suas.
250 2401 367 2449 Quod
387 2415 503 2453 quam
520 2403 699 2454 iniquum
720 2404 790 2452 sit,
819 2405 1059 2443 sanctissimi
1074 2404 1199 2446 Patris
1226 2404 1353 2442 nostri
1371 2401 1513 2453 Ioseph

93 2474 179 2506 acta
199 2467 487 2517 demonstrant3
517 2470 609 2519 quia
627 2483 716 2508 cum
733 2471 952 2523 Aegyptum
968 2478 1091 2510 totam
1111 2471 1225 2509 famis
1241 2476 1417 2520 tempore
1434 2467 1513 2505 tri-

91 2534 283 2573 butariam
301 2533 512 2572 Pharaonis
527 2535 684 2586 faceret,
714 2537 966 2576 sacerdotum
979 2544 1122 2577 terram
1142 2552 1163 2575 a
1180 2536 1330 2574 tributo
1350 2534 1549 2574 liberamc

95 2613 177 2638 esse
195 2600 384 2652 permisit.
439 2599 562 2650 Igitur
577 2601 725 2641 decimo
739 2617 845 2642 nono
863 2605 951 2644 Kal.
973 2605 1194 2644 Decembris
1212 2603 1418 2638 Leucatem
1440 2612 1514 2637 21-

96 2673 242 2717 euntes,
270 2667 433 2719 ipsique,
464 2667 666 2718 quoniam,
682 2675 730 2708 ut
754 2670 932 2723 superius
951 2672 1190 2725 scripsimus,
1208 2675 1349 2708 nautae
1366 2668 1514 2721 effuge-

142 2794 269 2840 40)1‹1
289 2802 343 2833 est
359 2807 484 2842 panem
504 2797 688 2833 nanticus:-
722 2797 831 2833 Mur.
