1768 3034
92 265 126 295 A.
150 263 191 295 M.
205 259 294 296 6480

136 309 201 340 Ind.
225 308 265 340 15

93 354 162 386 Fol.
180 353 247 386 308
270 362 299 385 v.

306 141 401 186 132
786 140 987 185 LEONIS
1015 139 1252 183 DIACONI

314 253 374 295 ἐπὶ
389 254 509 309 ξυροῦ
521 249 649 305 ἀκμῆς
668 248 854 305 ἕστηκιῦς,
876 247 1044 303 μὴκατὰ
1060 245 1220 302 γνώμην
1233 249 1415 302 χρῆσθαι
1424 251 1508 294 τοῖς
1524 241 1730 301 πράγμασι

313 323 472 371 δίδωσι,
511 321 574 360 δεῖ
587 335 664 360 που
683 323 826 360 τοῦτον
845 313 1130 371 προαρπάζειν,
1168 315 1235 355 καὶ
1252 314 1303 355 τιὶ
1323 315 1444 354 οἷκεΐα
1462 308 1503 354 εὗ
1521 314 1727 361 τίθεσθαι,

311 386 596 441 συνθήσεσθαί
620 402 689 438 μοι
719 388 823 426 δοκῶ
848 385 912 424 καὶ
942 382 1114 434 αὖτοὺς,
1152 382 1353 436 ἐμπειρίαν
1371 380 1520 433 πολλὴν
1538 379 1728 427 ἀναλεξα-

308 456 451 510 μὲνους
470 454 511 494 ἐκ
532 457 604 505 τῆς
625 449 920 503 ἇλλεπαλλήλου
939 452 1004 492 καὶ
1017 448 1283 505 ἑτεροκλινοῦς
1300 451 1380 490 τῶν
1397 447 1579 499 πολέμων
1590 445 1727 501 ῥοπῆς.

309 524 350 565 εἶ’
360 540 398 564 τι
427 516 497 562 οὖν
517 537 587 572 μοι
607 520 797 560 πείθεσθε
818 517 868 558 τὰ
890 516 1022 573 λιιόονα
1054 513 1364 570 συμβουλεύοντι
1373 546 1387 566 ,
1420 514 1493 562 ἕως
1512 513 1549 554 οἳ
1570 510 1763 557 Σκύθαι5

308 590 408 645 πρὸς
431 584 639 644 ῥᾳστώνην
667 582 968 627 ἅναπεπτώκασι
977 616 990 636 ,
1013 582 1134 637 μήπω
1153 583 1225 637 τὴν
1244 581 1359 637 ἡμῶν
1380 578 1615 633 αἰσθόμενοι
1635 578 1730 634 ἄφι-

275 660 393 707 Οξιν,
433 651 672 709 ἇρπάσωμεν
698 653 768 694 τὸν
796 652 956 707 καιρὸν,
994 653 1059 692 καὶ
1085 649 1111 704 ἦ
1140 651 1226 703 νίκη
1255 653 1305 705 τῇ
1332 646 1513 701 διαβάσει
1533 651 1606 701 τῆς
1628 649 1730 687 κλει·
1763 696 1765 699 Ι

309 721 459 777 σούρας
489 719 712 772 συνέψεται.
769 720 801 760 εἲ
829 719 904 774 γὰρ
935 718 1235 772 διαβησειόντας
1260 714 1368 769 ἡμᾶς
1396 715 1628 764 αἴσθοιντο,
1666 714 1732 754 καὶ

310 793 364 838 εἷς
384 789 598 830 ἀντίπαλον
619 788 680 828 ἐπὶ
702 790 780 828 τῶν
802 790 1011 827 στενωπῶν
1033 783 1301 833 ἅντιτάξοιντο
1330 780 1539 838 φάλαγγα,
1578 780 1651 822 οὐκ
1678 780 1732 827 εἷς

312 855 432 899 καλὸν
458 853 552 908 ἦμΐν
573 852 790 906 τελευτήσει
817 853 868 894 τὰ
894 850 1109 908 πράγματα
1118 883 1131 903 ,
1170 850 1261 892 ἀλλ’
1283 851 1323 898 ἒς
1343 849 1512 904 ἀπορίαν
1539 849 1604 888 καὶ
1626 847 1732 900 ἇμη-
1745 855 1768 889 14

307 924 451 978 χανιάν
477 917 618 973 δεινήν.
667 918 952 976 ἔπιῤῥώσαντες
973 915 1043 960 οῦν
1065 919 1159 966 τοὺς
1175 916 1335 970 θυμοὺς
1346 947 1358 967 ,
1385 917 1449 956 καὶ
1468 912 1731 968 λογισάμενοι,

312 990 373 1032 ὅτι
388 988 579 1042 Ῥωμαῖοί
599 990 684 1029 ἔστε
694 1019 707 1038 ,
737 986 774 1028 οἳ
793 987 838 1028 τὸ
860 987 1040 1035 ἀντίξουν
1061 985 1166 1027 ἅπαν
1189 984 1234 1026 τὸ
1255 981 1434 1039 πρόσθεν
1455 981 1590 1029 ὅπλοις
1607 996 1733 1021 κατα-

311 1054 593 1113 στρεφόμενοι,
631 1054 773 1095 ἕπεσθε
799 1054 871 1109 τὴν
901 1054 1116 1107 ταχίστην,
1152 1051 1226 1106 τὴν
1255 1054 1369 1107 σφῶν
1398 1048 1542 1105 ἀρετὴν
1562 1049 1625 1088 ἐπὶ
1653 1050 1733 1088 τῶν

310 1124 434 1181 ἔργων
454 1119 799 1174 ἒπιδεικνύμειόι.”

411 1188 461 1231 δ’.
500 1191 643 1230 Ταῦτα
683 1188 822 1239 εῗπών,
860 1188 926 1229 καὶ
954 1186 1161 1243 ἆριπρεπεῖ
1185 1183 1398 1240 παντευχίᾳ
1424 1180 1768 1231 καθοπλισθεὶς,,14

370 1257 423 1274 ’tl

313 1259 362 1314 ἐφ
404 1271 526 1297 ιππου
548 1271 590 1296 τε
611 1253 762 1311 γαύρου
789 1256 854 1296 καὶ
875 1259 1053 1310 σοβαροῦ
1071 1252 1229 1307 ἐπιβὰς,
1267 1253 1332 1293 καὶ
1355 1248 1452 1305 δόρυ
1481 1246 1732 1302 ε’πωμισάμε-

277 1334 386 1372 Βνος
419 1321 634 1376 μήκιστον,
673 1319 869 1377 ἀπήρχετο
905 1326 976 1374 τῆς
1004 1319 1099 1361 ὁδοῦ
1109 1353 1123 1372 ,
1160 1317 1506 1374 προπορευομένην
1533 1315 1631 1369 ἔχων
1659 1314 1733 1368 τὴν

309 1396 391 1433 τῶν
419 1390 636 1444 λεγομένων
667 1387 885 1430 ἀθανάτων
913 1386 1122 1443 φάλαγγα,
1160 1383 1506 1439 τεθωρακισμένην
1530 1384 1730 1429 ε’πιεικῶςὲ

311 1460 465 1500 εἵποντο
487 1456 529 1496 δὲ
550 1456 658 1512 αὐτῷ
680 1454 834 1500 ὁπλῖται
852 1455 925 1508 μὲν
944 1459 1024 1496 τῶν
1051 1450 1335 1505 ἀλκιμωτάτων
1355 1450 1454 1506 πρὸς
1474 1456 1555 1497 τοῖς
1575 1449 1734 1504 μυριόις

311 1523 637 1576 πεντακισχίλιοι,
677 1522 803 1570 ἱππεῖς
836 1522 879 1562 δὲ
915 1520 1050 1576 μύριοι
1080 1521 1145 1561 καὶ
1174 1519 1390 1574 τρισχίλιοι.
1448 1516 1494 1557 τὸ
1520 1516 1567 1557 ’δὲ
1593 1515 1768 1572 λοιπόνξ,

312 1580 603 1647 στρατιωτικὸν.
623 1589 724 1641 μετὰ
753 1592 824 1630 τοῦ
855 1591 1048 1641 θητικοῦ,
1086 1586 1207 1641 φέρον
1240 1585 1314 1633 τὰς
1343 1581 1534 1631 ἑλεπόλεις
1561 1584 1627 1624 καὶ
1659 1582 1732 1630 τὰς

313 1655 804 1709 παντοδαπὰςμηχανὰς,
840 1653 972 1707 βάδην
1001 1651 1210 1703 ἐξόπισθεν
1237 1653 1384 1702 εἵπετο,
1423 1648 1508 1702 ἅμα
1535 1653 1592 1706 τῷ
1612 1648 1731 1704 προέ-

312 1728 396 1781 δρῳ
426 1723 648 1778 Βασιλείῳ,
680 1716 712 1779 ᾧ
741 1722 815 1775 τὴν
850 1719 1003 1763 τούτων
1035 1718 1055 1762 ὅ
1087 1719 1273 1773 βασιλεὺς
1308 1718 1495 1772 ἐπέτρεψε
1525 1714 1727 1771 πρόνοιαν.

313 1793 393 1833 ἐπεὶ
413 1792 455 1832 δὲ
480 1790 573 1838 τοὺς
592 1790 818 1845 ἐπισφαλεῖς
836 1789 901 1830 καὶ
918 1786 1160 1845 κρημνώδεις
1181 1784 1328 1834 τόπους
1347 1782 1506 1826 διώδευε
1524 1783 1633 1839 παρὰ
1651 1786 1731 1823 πᾶ-

398 1876 431 1909 1.
461 1875 585 1918 ξυροῖς
606 1873 682 1908 cod.

307 1942 487 1976 novaculae
508 1942 579 1974 acie
597 1940 792 1981 constituta,
815 1939 858 1974 ad
877 1938 1049 1974 arbitrium
1066 1950 1167 1984 agere
1185 1950 1250 1972 non
1265 1938 1448 1983 permittit,
1469 1940 1549 1971 tunc
1571 1935 1730 1970 audacter

308 1991 446 2031 arrepta
460 1987 519 2019 illa
538 1997 605 2019 rem
622 1987 695 2029 geri
711 1990 877 2029 oportere,
894 1986 930 2018 id
947 1997 989 2018 ne
1006 1984 1072 2029 ipsi
1090 1984 1233 2028 quidem,
1251 1985 1380 2027 opinor,
1395 1982 1573 2026 negabitis,
1589 1981 1648 2024 qui
1659 1991 1730 2013 ma-

310 2043 407 2076 gnam
426 2031 580 2074 peritiam
599 2042 640 2063 ex
664 2031 792 2063 incerto
814 2030 1020 2074 ancipitique
1040 2029 1198 2062 bellorum
1230 2033 1351 2061 eventu
1373 2027 1567 2070 collegistis.
1600 2025 1728 2064 Quare,

310 2076 339 2110 si
355 2076 435 2120 quid
453 2076 531 2108 mihi
551 2075 688 2108 creditis
708 2075 842 2109 meliora
857 2074 1028 2114 suadenti,
1049 2074 1127 2107 dum
1141 2073 1286 2116 Scythae
1302 2072 1451 2106 desidiae
1469 2083 1506 2104 se
1524 2071 1624 2110 dant,
1648 2081 1729 2102 nec-

310 2121 387 2154 dum
401 2121 443 2153 de
459 2121 604 2153 adventu
620 2126 733 2153 nostro
751 2125 953 2164 cognorunt,
971 2119 1135 2162 rapiamus
1161 2118 1385 2157 occasionem,
1410 2122 1445 2149 et
1460 2116 1635 2149 transitum
1652 2115 1729 2147 fau-

311 2166 398 2198 cium
409 2164 551 2198 victoria
572 2169 801 2207 consequetur.
836 2165 934 2204 Nam,
953 2164 981 2196 si
999 2162 1225 2197 intellexerint
1239 2173 1299 2194 nos
1316 2161 1544 2194 transmittere
1559 2159 1658 2199 velle,
1673 2170 1730 2192 su-

310 2221 439 2254 perque
459 2209 621 2252 angustiis
647 2209 770 2242 infesta
795 2210 867 2242 acie
888 2207 1116 2247 constiterint,
1138 2217 1255 2240 vereor
1278 2211 1316 2239 ut
1333 2206 1456 2239 exitum
1479 2205 1656 2250 optabilem
1674 2214 1730 2236 res

310 2255 451 2294 habeat,
473 2265 558 2287 neve
573 2254 609 2287 in
628 2254 803 2286 discrimen
823 2254 933 2298 potius
950 2252 1242 2294 difficultatemque
1256 2262 1410 2284 summam
1427 2250 1621 2284 adducatur.
1643 2249 1729 2282 Pro-

309 2299 389 2333 inde
408 2298 509 2331 facite
529 2302 566 2331 ut
587 2299 706 2331 sortem
730 2299 870 2331 animum
891 2297 1062 2336 habeatis,
1088 2300 1350 2340 reputantesque
1373 2296 1538 2328 Romanos
1564 2306 1624 2327 vos
1641 2304 1727 2333 esse,

309 2344 369 2388 qui
388 2343 598 2377 adversarios
615 2354 726 2375 omnes
741 2343 818 2376 olim
836 2343 934 2377 armis
948 2340 1164 2385 subegerint,
1186 2341 1254 2374 cito
1277 2341 1453 2385 sequimini
1464 2364 1475 2382 ,
1494 2340 1652 2375 virtutem
1667 2349 1727 2372 ve-

309 2394 414 2422 stram
440 2388 539 2421 factis
558 2387 798 2421 declarantes.'’

396 2431 429 2468 4.
453 2434 528 2467 Hac
545 2431 661 2465 habita
677 2431 838 2471 oratione,
856 2430 980 2474 insigni
997 2433 1165 2464 armatura
1178 2430 1333 2471 munitus,
1354 2430 1550 2474 insessoque
1565 2437 1727 2472 generoso

309 2482 412 2522 atque
436 2477 508 2511 acri
529 2488 626 2521 equo,
649 2476 794 2509 lanceam
814 2476 1026 2520 praelongam
1044 2477 1177 2509 hmnero
1199 2487 1332 2518 gerens,
1355 2474 1431 2508 viae
1449 2487 1486 2508 se
1504 2473 1607 2512 dedit,
1629 2482 1728 2516 prae-

309 2523 585 2556 euntem-habens
600 2521 833 2554 Immortalium
854 2532 935 2563 quos
952 2526 1073 2553 vocant
1091 2520 1227 2564 egregie
1244 2520 1414 2553 loricatam
1433 2520 1617 2553 cohortem:
1641 2527 1728 2560 pone

311 2568 532 2611 sequebantur
554 2565 808 2610 legionariorum
826 2564 1077 2598 fortissimorum
1097 2565 1200 2598 millia
1216 2565 1360 2609 quinque
1380 2569 1415 2597 et
1434 2565 1558 2604 decem,
1580 2562 1727 2605 equitum

309 2612 470 2646 tredecim
496 2611 608 2645 millia.
651 2610 811 2653 Reliquus
835 2609 999 2642 exercitus
1023 2621 1095 2642 cum
1112 2610 1352 2653 impedimentis
1371 2613 1407 2642 et
1421 2608 1611 2646 calonibus,
1634 2605 1729 2638 hele-
1766 2616 1768 2620 ⁴

308 2656 402 2698 poles
419 2662 454 2691 et
474 2656 634 2700 cuiusque
655 2654 742 2688 modi
757 2655 922 2687 machinas
939 2655 1075 2695 vehens,
1086 2655 1175 2688 lento
1193 2665 1309 2697 gressu
1322 2658 1413 2688 retro
1423 2652 1634 2696 sequebatur,
1651 2660 1727 2682 cum
1765 2687 1768 2690 Ι

306 2700 431 2734 Basilio
452 2701 617 2746 praeside,
645 2700 699 2733 cui
713 2699 894 2743 Imperator
910 2699 1024 2732 horum
1042 2711 1151 2732 curam
1170 2700 1385 2732 commiserat.
1429 2699 1492 2737 Ita,
1515 2696 1572 2728 ubi
1589 2699 1728 2739 praeter
1763 2708 1768 2725 ε

308 2745 449 2780 omnium
475 2745 662 2790 opinionem
687 2744 875 2789 periculosa
892 2749 927 2777 et
943 2749 1126 2789 praerupta
1144 2744 1219 2778 loca
1232 2744 1453 2783 transiverat,
1474 2740 1593 2775 itinere
1605 2739 1726 2784 raptim
1767 2739 1768 2742 ’
