1748 3094
242 163 343 211 442
691 169 740 213 C.
766 170 812 213 B.
841 167 994 212 HASII
1024 167 1225 212 NOTAE

242 288 351 324 cam,
385 275 468 317 307
471 304 481 313 .
507 274 550 313 C.
579 274 758 313 Reiskius
787 273 838 311 ad
870 272 1113 313 constantin.
1146 270 1434 325 Porphyrogen.
1460 272 1679 316 Cael-imon.

240 331 404 382 Byzant.
427 330 477 370 ΙΙ.
504 331 599 374 352.
629 332 676 370 D.
705 330 799 372 354.
830 330 871 367 C.
890 329 1072 381 idemque
1092 329 1136 367 in
1156 329 1347 368 vertendo
1372 329 1562 379 ταξεοῖται
1585 330 1682 372 354.

351 445 456 495 Pag.
484 443 551 486 65.
580 444 652 482 lin.
683 445 747 484 11.
784 436 1131 495 οἷπερικτύπητον]
1173 440 1231 479 De
1260 439 1339 480 hoe
1356 441 1560 494 vocabulo
1590 441 1684 480 vide

241 498 402 537 Suidam
419 499 449 538 I.
468 499 562 542 255.
581 500 626 538 Β.

353 553 454 594 Ιύἰιί.
485 555 555 592 lin.
589 559 656 597 20.
689 553 729 602 ἐς
757 550 951 593 Σικελίαν
974 551 1136 603 ἔστελλε]
1173 550 1313 591 Eidem
1339 551 1583 604 expeditioni
1615 552 1682 590 in-

238 611 377 650 terfuit
395 613 433 650 S.
454 609 650 662 Nicephm
653 624 719 659 us,
750 610 928 648 diversus
946 623 967 646 a
986 610 1025 646 S.
1043 607 1266 660 Nicephoro
1285 607 1390 646 circa
1408 622 1444 648 a.
1464 611 1562 651 806.
1581 608 1682 646 Con-

240 666 498 719 stantinopoli
531 666 681 719 patrial
684 640 778 704 cl’Ja:
813 665 971 704 tametsi
997 665 1040 702 in
1066 664 1184 702 huius
1209 665 1338 702 nostri
1340 662 1574 731 „Nicepho'ri
1596 664 1681 703 vita

238 737 311 762 ms.
353 723 419 772 (in
446 723 545 761 Cod.
569 724 661 774 Reg.
691 724 835 773 1181.)
869 727 961 773 post
988 721 1127 759 verba:
1160 720 1256 769 Βίος
1285 722 1358 760 τοῦ
1393 719 1504 761 ὁσίου
1531 717 1682 772 πατρὸς

238 779 357 831 ’ἡμῶν
378 774 637 846 Νικηφόρον,
669 777 829 829 antiqua
848 778 1048 843 scriptura
1066 790 1195 827 erasa,
1223 789 1326 815 nova
1343 776 1597 828 superaddita
1613 776 1680 826 sit,

239 832 550 888 οἷρχιεπισκόπου
582 829 1007 880 Κοσςαντινουπόλεως
1030 830 1284 885 [sic].1nde
1311 846 1423 871 error
1441 832 1616 870 manavit
1637 833 1682 870 in

241 892 411 942 Catalog.
425 891 550 929 codd
562 904 653 928 mss.
671 891 807 928 Graec.
819 888 1003 927 Biblioth.
1022 890 1114 939 Reg.
1125 888 1172 938 Π,
1193 891 1290 931 237.
1309 889 1355 927 D.
1382 889 1540 928 Etenim
1560 889 1680 926 Nice-

238 947 387 1000 phorus
411 946 480 985 hic
499 953 557 985 est
572 947 779 1010 θρίεεοΡυε
798 946 924 983 Mileti
943 945 1035 994 ille,
1066 944 1176 982 cuius
1195 944 1319 982 vitam
1339 957 1362 982 a
1376 944 1611 986 Combefisio
1631 943 1683 982 ml

238 1003 532 1042 Henschenium
555 1003 711 1040 missam
743 1015 824 1040 esse
852 1003 905 1039 Le
927 1001 1056 1048 Quien
1086 1000 1238 1039 Orient.
1267 999 1358 1038 Chr.
1377 1000 1409 1038 Ι.
1431 1004 1526 1047 920.
1547 1000 1594 1039 A.
1612 1000 1681 1050 ait,

237 1060 343 1098 inter
361 1059 460 1097 Acta
488 1061 553 1097 SS.
581 1059 783 1096 edendam.
840 1058 878 1095 Is
898 1057 987 1095 vico
1012 1057 1184 1094 maximo
1209 1061 1250 1094 et
1269 1056 1564 1125 celeberrimo&
1569 1055 1690 1097 Basi-

237 1116 285 1154 lii
305 1115 480 1164 nomine,
511 1114 693 1152 thematis
708 1113 1045 1152 Buccellariorum
1064 1118 1194 1151 ortus:
1222 1110 1257 1164 *)
1277 1108 1407 1164 χώρας
1425 1110 1497 1164 μὲν
1512 1114 1585 1163 τῆς
1601 1114 1683 1152 τῶν

239 1173 565 1239 Μαριανδυνῶν
577 1167 784 1223 ὥρμητο
768 1166 840 1209 εἴτ’
874 1185 950 1210 ουν
987 1169 1314 1237 Βουκελλαρίων·
1350 1165 1477 1223 τούτω
1502 1165 1575 1221 γιὶρ
1603 1169 1683 1208 νῦν

87 1235 127 1267 Ρ.
151 1234 221 1270 016
243 1231 393 1281 μᾶλλον
418 1230 474 1282 τῷ
493 1223 655 1278 ὀνόματι
673 1225 876 1277 κέκληται·
905 1221 1020 1277 κώμη
1044 1220 1084 1264 δ’
1104 1220 1214 1279 αὐτῷ
1236 1223 1395 1276 μεγίστη
1414 1238 1456 1264 τε
1449 1209 1542 1264 καὶ
1558 1226 1679 1264 πολυ-

239 1279 551 1336 ανθρωποτατη,
581 1283 789 1322 Βασίλειον
817 1265 1206 1335 προσαγορευομένη*
1237 1279 1327 1331 Cpli
1343 1278 1425 1320 υπὸ
1444 1280 1691 1334 Μαγίστρου

238 1343 314 1380 τοῦ
348 1341 573 1379 Μωσελλοῦ
607 1338 838 1386 institutus,
879 1337 1000 1387 inque
1033 1336 1241 1386 collegium
1276 1336 1518 1374 clericorum
1543 1335 1680 1387 palatii
1719 1384 1723 1386 ῃ

239 1402 448 1448 cooptatus
461 1425 472 1444 ,
501 1400 635 1445 postea
661 1401 707 1432 ut
735 1393 981 1431 consiliarius
1002 1405 1212 1442 rerumque
1233 1391 1500 1443 spiritualium
1520 1396 1680 1429 curator

238 1452 456 1490 exercitum
482 1450 671 1488 Nicetae'
659 1464 704 1487 m
725 1449 898 1487 Siciliam
919 1448 1127 1486 comitatus
1151 1453 1222 1485 est.
1279 1447 1356 1485 Ubi
1374 1448 1475 1485 male
1493 1460 1577 1499 rem
1597 1459 1680 1484 ces-

238 1522 367 1547 suram
389 1521 478 1545 cum
499 1507 535 1545 ei
554 1507 679 1544 multa
695 1504 1043 1568 praesagivissent3
1074 1510 1112 1541 et
1137 1502 1344 1554 proprium
1364 1516 1529 1541 acumen
1548 1509 1588 1540 et
1605 1502 1679 1540 du·

241 1579 334 1604 cum
353 1563 547 1615 nequitia,
578 1568 617 1599 et
636 1562 761 1599 saneti
782 1560 984 1598 eujusdam
1004 1559 1110 1597 cinca
1135 1560 1280 1597 fretum
1301 1558 1479 1597 Siculum
1500 1564 1600 1597 tune
1614 1571 1680 1596 se·-
1745 1580 1748 1584 ,

241 1620 392 1669 dentis,
421 1618 638 1658 Prasinacii
660 1617 840 1665 nomine,
870 1615 1101 1654 vaticinatio
1117 1644 1128 1664 ,
1156 1620 1253 1666 post
1269 1614 1420 1652 cladem
1436 1627 1616 1655 reversus
1635 1613 1679 1651 111

242 1678 299 1715 G1
302 1677 444 1714 aeciam
458 1705 469 1725 ‚
497 1674 666 1727 posthac
684 1673 890 1724 episcopus
910 1671 1037 1710 Mileti
1054 1672 1183 1709 factus
1204 1676 1274 1708 est.
1326 1670 1544 1709 Audiamus
1562 1670 1680 1708 veiha

242 1735 415 1770 Graeca:
447 1731 528 1770 Καὶ
549 1728 684 1770 α’λλοτε
706 1728 835 1769 ἄλλων
860 1744 958 1768 κατα
977 1724 1140 1780 καιροὺς
1157 1724 1201 1767 τὸ
1220 1729 1297 1777 τῆς
1315 1727 1515 1778 βασιλείας
1537 1722 1682 1779 κράτος

241 1787 555 1840 διαδεξαμένων,
593 1785 614 1826 ὅ
641 1783 765 1832 πολυς
787 1799 863 1836 την
889 1780 1076 1835 ἄνδρείαν
1105 1779 1339 1835 Νικηφόρος
1361 1785 1442 1822 τῶν
1471 1780 1689 1850 σκήπτρων4

240 1842 428 1897 ἐγκρατης
448 1858 641 1906 γεγονως,
671 1841 816 1894 πέμπει
831 1856 929 1880 κατα
950 1842 1034 1907 τῆς
1044 1839 1226 1885 Σικελίας
1251 1835 1436 1892 στρατον,
1465 1834 1680 1904 στρατηγόν

239 1916 320 1940 των
335 1898 436 1940 όλων
450 1895 627 1950 Νικήταν
639 1892 992 1948 καταστησάμενος,
1008 1891 1213 1945 αδελφὸν’
1199 1892 1296 1934 ὄντα
1304 1908 1375 1934 του
1358 1891 1569 1945 τηνικάδε
1577 1908 1682 1945 πρωτ

240 1971 311 1995 του
327 1959 408 1995 τῶν
425 1951 684 2008 θεραπόντων
696 1956 770 1993 τοῦ
787 1951 986 2004 βασιλέως.
1013 1947 1120 1991 'Ense
1134 1951 1270 1990 τοίνυν
1290 1949 1368 1990 ἔδει
1380 1964 1469 1990 τινα
1489 1951 1681 1989 συναπελ-

241 2015 333 2050 θεῖν
345 2014 401 2066 τῷ
401 2013 572 2079 στρατῷ
581 2013 659 2049 τῶν
675 2006 733 2050 ἐπ’
749 2005 867 2079 αρετῇ
878 2008 1086 2060 γνωρίμων
1100 2005 1168 2045 καὶ
1185 2001 1461 2057 διαβοητων,”
1441 2020 1515 2044 ινα
1526 2019 1574 2044 τα
1585 2004 1683 2055 πρὸς

242 2065 344 2107 Θεον
361 2063 494 2114 αυτοῖς
509 2068 582 2117 εἷ’,η
601 2065 669 2105 καὶ
685 2063 758 2117 τὴν
770 2062 1010 2115 οἷναίμακτον
1029 2062 1159 2112 τελοίη
1169 2061 1362 2114 λατρείαν,
1377 2059 1444 2101 καὶ
1459 2056 1683 2126 συμβουλος

241 2119 368 2171 δεξιος
385 2125 440 2161 τῶ
457 2125 663 2174 κρατοῦντι
680 2122 835 2173 παρείη,
854 2121 943 2159 τίνα
960 2121 1101 2158 τοῦτον
1120 2115 1239 2157 αλλον
1256 2116 1372 2183 ἐχρῆν
1393 2113 1557 2166 εἶναι,“
1519 2132 1555 2167 η
1576 2131 1683 2155 παν-

240 2194 317 2225 τως
328 2176 370 2218 τὸ
381 2174 542 2217 πάντων
553 2181 631 2217 τῶι
623 2180 770 2216 καλῶν
780 2172 1036 2241 καταγώγιον,
1055 2168 1294 2223 Νικηφόρον
1309 2169 1376 2212 τὸν
1387 2171 1586 2224 μέγιστον;
1606 2169 1687 2213 Διο,

203 2242 233 2276 Β
243 2233 309 2274 καὶ
325 2235 557 2285 συναπαίρει
567 2230 732 2281 τούτοις,
751 2228 932 2282 πιθήσας
941 2245 987 2284 τῃ
973 2225 1160 2277 ἆξιωσει
1173 2243 1243 2267 του
1227 2227 1456 2293 βασιλέως.
1484 2228 1682 2267 Πταίσαν

240 2306 308 2337 τος
325 2289 368 2329 δὲ
392 2292 463 2329 τοῦ
485 2292 651 2340 στρατοῦ
665 2285 767 2327 καθ’
790 2303 838 2328 ον
855 2283 1004 2339 τρόπον
1020 2282 1104 2324 οἶδε
1122 2282 1194 2335 μὲν
1214 2282 1236 2324 ὁ
1251 2298 1381 2322 παντα
1396 2280 1472 2336 πρὸ
1488 2285 1562 2323 τοῦ
1577 2281 1682 2351 γενέ-

242 2351 339 2386 σθαι
356 2341 612 2396 ἐπισταμενος
633 2342 752 2393 Θεός,
782 2340 865 2382 οἶδε
883 2340 926 2382 δὲ
947 2340 1013 2380 καὶ
1032 2339 1057 2380 6
1076 2342 1198 2379 ταῦτα
1217 2352 1455 2392 συγγραφων
1475 2337 1599 2405 (κατοὶ
1607 2334 1689 2402 γαρ·

241 2418 286 2443 το
300 2398 425 2442 αυτοῦ
437 2398 532 2440 αστυ
551 2397 599 2439 τοὶ
617 2397 795 2450 δράματα
811 2395 1001 2450 γέγονεν),
1021 2411 1068 2435 ου
1085 2391 1267 2447 βούλεται
1283 2394 1326 2434 δὲ
1342 2410 1472 2448 παραγ
1474 2409 1574 2434 ωνια
1589 2389 1680 2460 γρά-

243 2473 348 2510 φειν,
372 2458 408 2498 εἰ
427 2456 494 2496 καὶ
513 2453 639 2502 αλλως
659 2457 708 2510 τῇ
731 2455 882 2508 ἱστορία
903 2448 1092 2519 αρμόδια·
1121 2449 1225 2501 πλήν
1245 2452 1408 2503 βαρεῖαν
1427 2449 1495 2490 καὶ
1509 2446 1683 2499 ἐλεεινην
1747 2496 1748 2501 ¹

243 2514 497 2567 ηττηθέντων
517 2526 661 2562 ητταν,
690 2525 851 2548 παντων
870 2524 911 2548 τε
937 2504 1075 2571 σχεδὸν
1095 2507 1345 2559 βαρβαρικῆς
1365 2504 1488 2559 χειρὸς
1507 2503 1579 2544 καὶ
1600 2505 1682 2543 δια·
1746 2543 1748 2545 ,

245 2572 359 2617 νοίας
377 2564 646 2622 παραναλωμα
663 2561 904 2629 γεγονότων,
931 2564 997 2603 καὶ
1016 2559 1136 2614 μόνου
1155 2561 1422 2631 ζωγρηθέντας
1440 2555 1683 2611 αἰχμαλώτου
1746 2574 1748 2578 ·

244 2642 316 2666 του
340 2623 623 2692 προειρημένου
647 2617 823 2671 Νικητα·
854 2618 1008 2666 ἒπὲζευε
1027 2629 1119 2670 γαρ·
1149 2634 1348 2671 προγνους
1370 2632 1391 2657 ο
1413 2612 1603 2683 καθαρὸς
1612 2617 1683 2654 Νι·
1744 2655 1748 2661 ,Ἰ

245 2679 425 2735 κηφόρος
440 2697 488 2720 τα
509 2674 835 2730 πραχθησόμενα,
868 2671 946 2724 ὧν,
979 2689 1032 2722 ως
1049 2674 1241 2724 λέλεκται,
1270 2673 1336 2714 καὶ
1358 2669 1478 2719 αὐτος
1494 2686 1594 2711 κατα
1610 2685 1683 2721 την

341 2802 376 2846 ’)
400 2802 487 2838 eod.
507 2802 593 2845 Reg.
615 2799 715 2837 1181.
736 2798 795 2832 fol.
816 2797 880 2833 199
895 2800 996 2832 recto.
