1768 3034
297 131 392 177 138
782 133 985 179 LEONIS
1014 131 1253 176 DIACONI

78 253 115 284 A.
135 251 178 283 M.
200 248 289 285 6480
301 245 523 303 Σᾳέγκελος
543 244 587 286 δὲ
603 243 714 300 παρὰ
729 242 801 286 τὸν
818 237 1165 298 Σφενδοσθλάβον
1183 236 1321 296 ᾤχετο,
1344 241 1451 296 φυγῇ
1466 237 1559 293 μετ’
1583 237 1721 294 ὃλίγων

122 297 188 329 Ind’
210 297 252 331 15
299 315 453 368 κλέψας
481 312 555 366 τὴν
574 312 796 367 σωτηρίαν·
833 305 956 356 αὖθις
984 308 1028 349 δὲ
1047 307 1226 363 ἀνῃρέθη
1237 339 1250 358 ,
1289 304 1390 361 ὥσγε
1413 323 1487 361 μοι
1508 307 1586 361 ἤδη
1604 304 1722 362 ἐἰρή-

294 398 417 424 σεται.
463 379 556 422 ἀλλ’
586 378 691 421 οὕτω
716 378 791 431 μὲν
817 373 1166 432 ἡΠραισθλάβα,
1204 375 1245 417 ἐν
1266 375 1380 417 δυσὶν
1406 372 1531 429 ἡλίοις
1551 372 1718 425 ἁλοῦσα,

291 447 371 492 ὑπὸ
388 447 597 501 Ῥωμαίοις
619 446 780 501 ἐγένετο.

393 514 444 570 η’.
477 512 662 566 Ἰωάννης
681 513 724 554 δὲ
751 510 772 554 ὃ
795 506 1054 567 αὐτοκράτωρ
1064 541 1078 562 ,
1114 508 1188 564 τὴν
1208 508 1421 566 στρατιὰν,
1459 506 1514 557 ὥς
1534 507 1581 550 τὸ
1601 506 1753 558 ciues-,5

293 579 713 641 φιλοφρονησάμενος,
761 579 992 630 διανέπαυε,
1040 578 1106 618 καὶ
1134 577 1208 630 τὴν
1236 579 1354 619 θείαν
1392 573 1611 618 ἀνάστασιν
1650 578 1723 616 τοῦ

292 654 487 704 Σωτῆρος
504 646 650 690 αὐτόθι
671 645 874 703 ἑώρταζεν.
913 645 955 687 ἔκ
973 662 1014 686 τε
1032 648 1113 686 τῶν
1131 643 1398 700 δορυαλώτων
1419 645 1726 699 Ταυροσκυθῶν

293 734 406 765 τινας
432 716 648 772 ἀποκρίνας
670 713 724 763 ὥς
750 714 820 756 τὸν
838 709 1186 769 Σφενόοσθλάβον
1213 712 1420 765 ἐξέπεμπε,
1458 711 1531 765 τὴν
1556 714 1629 763 τῆς
1649 706 1726 750 πό-

256 790 393 833 Βλεως
410 782 557 826 ἅλωσιν
577 783 895 838 ἀπαγγελοῦντας
914 780 1025 835 αὐτῷ
1045 781 1110 820 καὶ
1127 779 1201 833 τὴν
1219 784 1299 821 τῶν
1320 777 1487 834 ἑταίρων
1508 778 1721 833 ἀναίρεσιν,
1761 815 1768 821 ,

292 850 457 908 φράζειν
482 868 547 901 τε,
584 851 640 904 μὴ
675 850 895 903 διαμέλλειν
905 880 918 899 ,
958 845 1051 888 ἀλλ’
1083 846 1287 902 αἱρεῖσθαι
1309 846 1381 900 τὴν
1402 846 1591 899 ταχίστην
1612 847 1722 885 δυοῖν
1738 853 1768 888 1(

291 918 472 975 θάτερον
484 932 495 941 ·
516 917 541 972 ἢ
557 918 607 959 τὰ
617 916 722 959 ὅπλα
740 916 997 958 καταθέσθαι
1011 915 1078 955 καὶ
1096 921 1179 962 τοῖς
1190 915 1383 970 κρείττοσι
1401 918 1644 967 πειθαρχεῖν,
1659 912 1727 952 καὶ

289 990 377 1028 πῶν
395 985 696 1039 τετολμημένων
722 982 957 1039 συγγνώμην
980 983 1124 1033 αἰτεῖν,
1164 979 1434 1037 ἀφιστάμενον
1458 981 1625 1033 ἐξαυτῆς
1639 976 1726 1032 χώ-

295 1070 372 1110 ρας
400 1056 473 1107 τῆς
501 1057 580 1095 τῶν
608 1055 790 1095 Μυσῶν·
826 1050 874 1104 ἢ,
914 1053 1032 1091 τοῦτο
1059 1048 1116 1102 μὴ
1144 1048 1414 1101 βουλομένου,
1454 1046 1545 1088 ἀλλ’
1579 1047 1634 1094 εἰς
1653 1044 1727 1099 τὴν

292 1118 523 1176 σύντροφον
550 1118 775 1161 αὐθάδειαν
794 1118 1102 1167 ἀποκλίναντος,
1138 1117 1257 1157 παντὶ
1278 1116 1411 1157 σθένει
1438 1115 1627 1155 ἐπιοῦσαν
1653 1112 1726 1167 τὴν

288 1185 514 1242 Ῥωμαικὴν
538 1186 765 1241 ἀμύνεσθαι
783 1184 965 1238 δύναμιν.
1019 1187 1149 1226 ταῦτα
1170 1184 1245 1236 μὲν
1271 1182 1524 1238 ἀπαγγέλλειν
1543 1182 1768 1236 §meyde-11

294 1253 469 1313 σθλάβῳ
490 1253 766 1310 παρήγγειλεν·
803 1253 925 1301 αὐτὸς
947 1252 1011 1303 δὲ,
1051 1251 1191 1305 ὀλίγων
1218 1247 1378 1306 ἡμερῶν
1398 1250 1657 1304 ε’νδιατρίψας
1673 1251 1725 1303 τῇ

293 1320 426 1374 πόλει,
463 1324 531 1363 καὶ
559 1319 709 1375 ταύτης
736 1321 786 1362 τὰ
811 1317 1061 1373 πεπονηκότα
1092 1315 1396 1374 ὀχυρωσάμενος
1404 1350 1417 1368 ,
1456 1318 1521 1358 καὶ
1542 1314 1725 1372 φρουρὰν

79 1400 146 1431 Ful.
162 1397 233 1433 310
254 1408 285 1432 v.
297 1390 540 1453 ἀποχρῶσαν
566 1387 809 1439 καταλιπὼν,
835 1384 1138 1428 Ἰωαννούπολίν
1165 1401 1207 1426 τε
1235 1383 1386 1438 ταύτην
1405 1385 1467 1424 ἐπὶ
1494 1387 1551 1440 τῷ
1580 1381 1726 1424 ἑαυτοῦ,

259 1458 469 1506 Οκαλέσας
498 1454 662 1510 ὀνόματι
673 1488 686 1508 ,
724 1456 946 1510 πανστρατὶ
965 1453 1039 1507 τὴν
1064 1454 1126 1494 ἐπὶ
1145 1451 1191 1493 τὸ
1212 1450 1472 1508 Δορύστολον
1492 1450 1584 1492 ἵετο.
1632 1448 1726 1505 ὅπερ

294 1527 622 1576 Κωνσταντΐνος,
662 1521 682 1565 ὃ
714 1523 754 1564 ἒν
771 1525 1002 1575 βασιλεῦσιν
1030 1520 1232 1572 ἀοίδιμος,
1271 1520 1314 1560 ἐκ
1331 1517 1504 1574 βάθρων
1524 1517 1768 1570 {Genauam

295 1593 363 1634 καὶ
390 1594 446 1640 εἰς
476 1590 499 1633 ὃ
528 1596 598 1633 νῦν
630 1588 772 1646 ὁρᾶται
803 1587 957 1637 κάλλος,
972 1590 1037 1629 καὶ
1067 1588 1240 1642 μέγεθος
1268 1586 1443 1642 ἤγειρεν,
1483 1582 1649 1638 ὁπηνίκα
1676 1583 1723 1624 τὸ

295 1659 511 1715 σταυρικὸν
529 1664 691 1712 σημεῖον
710 1655 1066 1712 κατηστερισμένον
1086 1656 1127 1696 έν
1146 1653 1303 1710 οὐρανῷ
1317 1651 1582 1706 θεασάμενος,
1615 1648 1723 1693 Σκύ-

296 1731 381 1775 θας
399 1728 603 1779 δυσμενῶς
623 1724 970 1779 ἀντιτεταγμένους
992 1723 1101 1779 αὐτῷ
1131 1723 1197 1763 καὶ
1213 1725 1390 1774 μανικῶς
1412 1718 1619 1776 ὁρμῶντας
1647 1735 1721 1759 κα-

296 1794 549 1847 τεπολέμησε.
585 1791 782 1848 πάρεργον
811 1793 854 1833 δὲ
874 1795 946 1845 τῆς
975 1788 1071 1832 ὁδοῦ
1099 1786 1171 1843 τήν
1190 1805 1231 1830 τε
1251 1788 1497 1842 καλουμένην
1516 1787 1721 1828 ΙΙλίσκου-
1765 1826 1768 1835 ,

388 1879 442 1912 13.
472 1878 565 1911 Male
585 1876 828 1923 βουλομένους
850 1875 923 1910 cod.
1015 1875 1070 1909 21.
1106 1870 1249 1918 ὁρᾶται.
1278 1873 1358 1908 Vid.
1381 1883 1482 1918 supra
1503 1872 1559 1906 79.
1582 1871 1625 1904 Β.

295 1945 394 1978 stium
421 1946 465 1979 ad
487 1956 523 1978 se
542 1957 644 1978 causa
662 1944 879 1978 exstitissent.
926 1942 1134 1987 Sphencelus
1157 1952 1228 1974 cum
1243 1941 1370 1984 paucis,
1394 1940 1437 1973 ad
1459 1937 1724 1983 Sphendosthla-

297 1991 376 2023 bum
400 1991 483 2023 clam
504 1991 655 2034 elapsus,
679 1991 761 2033 fuga
783 1989 848 2022 sibi
874 1988 1007 2033 peperit
1024 1987 1184 2019 salutem:
1208 1997 1281 2019 eum
1304 1985 1469 2030 posterius
1491 1984 1632 2028 periisse
1647 1993 1722 2016 mox

296 2035 587 2068 demonstrabitur.
633 2036 671 2068 In
690 2035 778 2067 hunc
799 2034 930 2068 modmn
951 2031 1194 2072 Praesthlaba,
1215 2030 1317 2064 biduo
1339 2034 1549 2076 expugnata,
1571 2028 1606 2061 in
1624 2032 1723 2072 pote-

291 2084 414 2114 statem
431 2081 648 2114 Romanorum
663 2080 768 2113 venit.

387 2127 421 2159 8.
446 2126 584 2159 Ioannes
601 2126 784 2168 Imperator
808 2123 972 2158 exercitui
996 2122 1249 2161 honestatibus,
1271 2123 1309 2154 ut
1325 2131 1387 2164 par
1410 2122 1502 2159 erat,
1525 2122 1641 2152 ornato
1665 2129 1720 2151 re·-

297 2171 412 2215 quiem
439 2171 553 2210 dedit,
583 2171 794 2213 divinamque
810 2169 1001 2203 Servatoris
1026 2167 1305 2201 resurrectionem
1330 2164 1417 2198 eoin
1436 2165 1508 2197 loco
1526 2163 1721 2197 celebravit.
1765 2190 1768 2192 .

298 2216 383 2249 Inde
400 2226 442 2248 ex
460 2215 600 2258 Scythis
617 2216 724 2259 captis
747 2215 894 2248 delectos
914 2213 1040 2257 aliquot
1056 2213 1099 2245 ad
1116 2210 1440 2256 Sphendosthlabum
1458 2209 1559 2249 misit,
1581 2208 1640 2253 qui
1660 2219 1721 2252 op-
1765 2215 1768 2230 ³

298 2260 371 2306 pidi
385 2261 663 2305 expugnationem
679 2271 877 2303 suorumque
890 2258 1059 2291 interitum
1073 2257 1280 2296 nunciarent,
1297 2255 1526 2299 dicerentque,
1542 2253 1613 2287 sine
1630 2264 1723 2286 mora

299 2307 442 2339 duarum
457 2316 577 2345 rerum,
598 2311 674 2338 utra
691 2305 722 2338 ei
741 2306 846 2348 magis
865 2304 958 2337 cordi
974 2307 1083 2342 esset,
1108 2313 1179 2335 eam
1196 2301 1357 2345 eligeret:
1380 2305 1456 2340 aut,
1475 2299 1574 2333 armis
1588 2299 1720 2343 positis,

299 2350 485 2385 victoribus
506 2351 763 2394 obsequeretur,
787 2350 959 2394 petitaque
986 2347 1199 2391 arrogantiae
1216 2346 1313 2380 venia
1329 2345 1501 2379 confestim
1517 2343 1646 2378 Moesia
1660 2343 1720 2376 de-
1766 2362 1768 2365 ·

298 2396 452 2435 cederet3
478 2400 555 2436 aut,
588 2395 624 2427 id
640 2396 670 2427 si
699 2396 821 2435 nollet,
845 2406 946 2438 seque
965 2394 1009 2427 ad
1029 2392 1241 2426 domesticam
1260 2390 1478 2436 pervicaciam
1499 2391 1720 2428 converteret,

295 2445 335 2475 ut
350 2441 439 2474 omni
454 2441 489 2474 vi
506 2441 548 2474 ab
564 2440 822 2474 adventantibus
837 2441 1056 2473 Romanorum
1072 2437 1178 2481 copiis
1192 2449 1230 2470 se
1244 2440 1406 2470 tueretur.
1442 2435 1507 2468 His
1525 2434 1567 2467 ad
1587 2433 1720 2476 Sphen-

296 2486 509 2520 dosthlabum
517 2486 604 2519 datis
613 2486 787 2525 mandatis,
803 2496 926 2528 paucos
936 2485 1008 2516 dies
1024 2484 1059 2515 in
1069 2482 1190 2526 oppido
1201 2486 1431 2520 commoratus,
1450 2480 1549 2524 quod,
1565 2477 1720 2521 collapsis
1766 2510 1768 2513 ,

297 2531 462 2566 moenium
485 2531 636 2576 partibus
656 2530 882 2569 communitis,
904 2529 1062 2571 iustoque
1078 2527 1246 2571 praesidio
1263 2527 1397 2566 relicto,
1418 2523 1640 2568 Ioannopolim
1657 2532 1718 2554 suo

298 2577 426 2610 nomine
441 2577 678 2622 appella-verat,
695 2576 845 2609 omnibus
859 2574 966 2618 copiis
983 2573 1195 2617 Dory-stolum
1209 2572 1260 2605 ire
1276 2570 1454 2605 contendit.
1486 2571 1584 2603 Hauc
1603 2567 1720 2600 urbem

298 2622 557 2663 Constantinus,
591 2621 720 2667 hymnis
743 2621 887 2665 inclytus
905 2618 1079 2662 princeps,
1105 2629 1124 2650 a
1139 2617 1362 2650 fundamentis
1378 2614 1581 2653 construxit,
1611 2611 1719 2655 adque
1764 2646 1768 2651 ,

299 2679 381 2708 earn,
405 2680 492 2713 quae
507 2668 606 2701 hodie
621 2666 812 2710 suspicitur,
835 2664 978 2708 speciem
996 2669 1031 2697 et
1047 2663 1294 2707 amplitudinem
1309 2659 1478 2701 excitavit,
1497 2659 1553 2691 illo
1570 2660 1719 2700 tempore

298 2724 376 2755 quo,
403 2714 512 2747 crucis
528 2714 657 2758 signum
671 2711 791 2745 sideris
807 2710 914 2744 instar
932 2709 1023 2743 coelo
1040 2708 1233 2751 inscriptum
1249 2706 1471 2749 conspicatus,
1494 2702 1639 2746 Scythas
1658 2702 1720 2733 ho-
1762 2735 1764 2737 ,

298 2758 422 2791 stiliter
440 2759 510 2792 sibi
535 2758 705 2803 oppositos
721 2757 913 2801 furioseque
932 2756 1066 2788 ruentes
1081 2751 1274 2787 debellavit.
1319 2752 1504 2795 Imperator
1522 2750 1631 2782 autem
1646 2745 1718 2779 Pli-
