1748 3094
380 177 442 222 IN
468 175 675 221 LEONIS
698 173 938 219 DIACONI
964 172 1065 220 Lm.
1093 175 1127 217 Ι.
1384 165 1481 215 411

43 281 306 332 fluuium,
333 285 430 325 796.
456 280 504 321 Δ.
537 279 713 333 νιφάδας
734 283 815 322 τόν
830 283 978 330 κακοῖν,
1005 286 1045 318 et
1059 279 1172 319 Orat.
1195 293 1283 320 xvi.
1298 280 1341 318 in
1361 278 1490 332 Epist.

11 340 13 342 ’
46 340 97 379 ιδ
117 340 282 380 Roman.
302 338 368 376 m.
390 339 482 381 135.
501 338 567 380 41.
588 335 763 389 νιφάδας
779 334 1000 386 κινδύνων,
1028 335 1190 388 plurali.
1250 336 1345 374 Item
1368 337 1488 374 Com-

42 401 209 435 mentat-
226 394 271 433 in
287 394 430 433 Psalm.
447 407 563 432 mn.
582 394 611 432 1.
634 397 727 437 629.
754 394 819 435 14.
837 390 909 441 τάς
930 389 1106 444 νιφάδας
1120 395 1203 432 τῶν
1218 388 1492 432 άποστολικαῖν

42 448 264 494 κινδύνων·
295 450 485 489 Oratione
510 463 555 487 11.
586 450 637 488 ad
659 449 910 488 Theodorum
938 450 1034 502 laps.
1050 448 1115 488 Vl.
1144 452 1211 491 69.
1234 449 1302 492 25.
1322 445 1493 498 νιφάδες

42 505 265 549 κολάσεων·
293 513 333 545 et
350 506 526 558 Epistola
546 519 607 544 111.
625 506 675 543 ad
696 506 983 557 Olympiadem,
1014 505 1077 544 [V.
1098 506 1194 548 642.
1220 505 1265 546 1).
1281 506 1493 557 λοιδοριῶν

42 563 112 605 καὶ
138 559 297 617 ὕβρεων
323 559 503 613 νιφάδες.
531 561 676 602 Homil.
697 575 766 600 xv.
785 562 829 599 in
848 561 1088 600 matthaeum
1107 563 1199 603 168.
1211 561 1256 603 B.
1275 561 1415 614 μυρίαι
1435 574 1493 600 νι-

43 616 172 672 φάδες
196 621 397 670 λυπηρῶν.
430 618 593 656 Invenio
621 631 776 669 quoqne
805 615 973 668 νιφάδες
999 620 1228 670 πειρασμῶν
1257 618 1366 656 Orat.
1392 630 1421 654 1.
1448 615 1495 654 in

42 676 206 715 alteram
227 675 278 713 ad
297 673 475 713 Corinth.
494 673 559 713 ΠΙ.
577 674 671 716 545.
691 674 758 716 41.
777 673 889 713 Orat.
913 688 957 712 11.
975 674 1017 711 in
1037 674 1150 712 eand.
1172 674 1270 716 551.
1291 674 1360 716 15.
1378 673 1492 711 Orat.

42 745 119 771 xu-
129 731 226 775 614.
247 732 317 773 38.
334 729 482 768 Hamil.
500 742 650 768 xxxm.
665 729 708 766 in
726 729 961 767 matthaeum
973 731 1071 771 403.
1088 730 1133 768 C.
1178 729 1304 768 Porro
1320 725 1492 780 νιφάδες
1513 734 1554 769 Ρ.
1579 735 1644 770 195

0 819 1 822 η
43 790 125 828 τῶν
159 787 458 840 δεσμωτηρίων,
483 788 566 826 τῶν
586 781 828 838 άπαγωγῶν,
856 789 940 825 τῶν
953 781 1167 834 θανάτων,
1196 788 1278 825 τῶν
1294 799 1496 825 καταπον-

0 862 2 870 ’
42 845 216 896 τισμῶν,
253 844 337 882 τοῖν
366 845 518 882 λοιπῶν
541 844 792 894 πειρασμῶν,
819 841 932 879 Orat.
962 842 1005 879 in
1032 840 1155 888 illud,
1176 838 1263 892 Ego
1297 840 1499 878 Dominus

19 901 27 909 ”
44 901 162 939 Deus
177 899 261 948 feci
279 906 348 936 etc.
369 898 417 936 V·
439 900 533 940 168.
560 898 625 940 15.
647 894 818 948 νιφάδες
836 896 1123 949 στρατοπέδων,
1155 897 1266 936 Orat.
1286 910 1349 937 m.
1371 897 1413 934 in
1435 897 1499 934 al-

43 962 170 995 teram
192 955 244 993 ad
274 952 451 992 Corinth.
469 953 534 993 ΙΙΙ.
565 954 662 996 565.
684 956 721 996 5.
741 955 966 1004 φροντίδων
986 953 1047 992 Ad
1068 951 1236 991 stelech.
1263 953 1355 995 154.
1376 957 1439 995 19.
1458 958 1499 991 et

46 1012 160 1051 Orat.
192 1024 291 1051 xxv.
318 1010 362 1048 in
378 1010 539 1048 alteram
562 1009 613 1047 ad
634 1009 812 1049 Corinth.
832 1010 898 1048 ΙΙΙ.
927 1013 1021 1052 679.
1041 1012 1107 1052 37.
1163 1008 1324 1047 Rariore
1343 1008 1499 1059 signifi-

47 1068 205 1106 catione
223 1079 307 1105 vox
323 1066 407 1104 sola
425 1065 603 1103 adhiberi
619 1065 778 1104 videtur
797 1079 872 1117 pro
892 1066 1099 1112 molestiis,
1121 1066 1338 1113 aerumnis,
1369 1066 1497 1113 tricis,

47 1125 309 1162 Commentar.
336 1122 380 1160 in
407 1121 606 1160 Psalmum
620 1134 733 1160 mv.
765 1122 795 1160 1.
818 1123 884 1164 64.
913 1122 980 1160 ubi
1000 1123 1038 1159 S.
1060 1121 1367 1173 Chrysostomus
1384 1120 1501 1160 solli-

47 1179 245 1219 citudine-
274 1185 392 1230 atque
416 1190 529 1216 curas
548 1177 786 1215 matrimonii
805 1178 1102 1230 perstringens²
1126 1177 1237 1215 velut
1254 1176 1392 1226 τέκνα,
1422 1173 1500 1217 ἄν·

48 1237 136 1288 δρα,
164 1235 310 1285 οἰκίαν,
336 1232 502 1283 οἰκέτας,
532 1237 743 1286 συγγενεῖς,
769 1230 1216 1301 κηδεστᾶςΓγαμβροΰς,
1245 1232 1399 1300 ἔγγονα,
1426 1247 1499 1273 πο.

46 1291 284 1339 λυπαιδίαν,
319 1285 511 1330 άπαιδίαν
538 1317 698 1327 ......
721 1289 941 1339 subiungit:
968 1287 1063 1329 ουδὲ
1089 1286 1164 1341 γάρ
1181 1303 1321 1340 καιρος
1336 1290 1412 1328 νῦν
1428 1285 1500 1336 τάς

47 1342 224 1398 νιφάδας
241 1341 495 1398 ὖπογράφειν
523 1346 599 1384 τοῦ
617 1340 760 1396 γάμου.
815 1344 899 1382 Nisi
930 1345 1060 1393 dicas,
1089 1357 1214 1382 unum
1250 1343 1421 1395 aliquem
1449 1356 1502 1382 ex

49 1401 234 1455 genitivis
265 1401 445 1452 superius
472 1399 654 1451 ascriptis
671 1400 919 1438 librariorum
938 1401 1055 1452 culpa
1076 1400 1283 1438 excidisse.
1506 1421 1509 1424 -

160 1460 266 1510 Pag.
294 1460 361 1499 16.
391 1457 463 1497 lin.
486 1460 524 1498 2.
553 1454 820 1507 ἀμυντηρίων]
840 1457 900 1494 Ex
921 1455 1087 1506 Agathia
1102 1460 1170 1499 20.
1191 1456 1234 1493 B.
1252 1461 1322 1493 aut
1341 1458 1433 1498 102.
1452 1456 1499 1497 Δ.

46 1509 288 1566 Ἄμυντήρια
301 1518 443 1551 notum
470 1518 528 1549 est
546 1512 708 1563 proprie
725 1525 807 1549 esse
822 1526 930 1550 arma
948 1512 1109 1560 tutoria,
1140 1512 1281 1563 quibus
1298 1511 1381 1549 vim
1401 1525 1502 1563 pro-

47 1570 277 1623 pulsamus:
295 1569 378 1607 vid.
396 1567 592 1606 Lamberti
611 1569 687 1606 Eos
707 1568 847 1620 Ellips.
867 1581 994 1619 graec.
1015 1568 1110 1606 edit.
1127 1567 1439 1610 Schaefer.'355.
1456 1569 1501 1606 Β.

49 1626 198 1664 Deinde
217 1624 427 1676 generatim
445 1624 766 1675 quaelibetarma
790 1631 829 1662 et
846 1625 1012 1675 figurate
1032 1637 1148 1662 omne
1162 1624 1346 1676 propriae
1364 1624 1504 1661 defen-

50 1682 173 1720 sionis
189 1694 308 1719 causa
321 1680 547 1718 institutum
567 1680 789 1717 consilium.
828 1681 961 1718 Minus
977 1686 1071 1718 nota
1089 1680 1374 1730 significatione
1391 1681 1539 1732 apudB

52 1743 175 1776 aucit.
195 1736 439 1775 Christianos
459 1731 685 1787 άμυντήρια
705 1735 895 1774 denotant
913 1738 1172 1774 instrumenta
1186 1749 1228 1774 ea
1244 1742 1443 1775 tortorum
1459 1737 1507 1775 in

52 1793 306 1844 quaestione,
335 1805 436 1842 quae
453 1805 476 1827 a
499 1791 645 1828 Latinis
670 1805 823 1841 ungues·
842 1806 872 1831 s.
894 1794 1129 1841 unciserrei
1147 1793 1409 1843 appellantur.
1437 1793 1505 1831 SS.

52 1849 212 1888 Phileae
223 1854 263 1886 et
277 1847 426 1886 Philor.
445 1848 542 1884 Acta
555 1848 648 1888 158.
659 1848 700 1885 Β.
715 1845 868 1900 πληγάς
878 1849 920 1888 οἱ
937 1847 1170 1900 βασανισταὶ
1180 1850 1319 1900 βιαίως
1329 1849 1508 1902 σιδηροῖς

51 1901 308 1958 προσήγαγον
324 1908 408 1951 τοῖς
423 1901 573 1951 ὄνυξιν.
605 1899 666 1941 Οὔ
678 1900 799 1955 μόνον
818 1901 895 1956 γὰρ
907 1908 993 1951 ταῖς
1011 1907 1210 1956 πλευραῖς,
1232 1900 1331 1944 ἄλλά
1343 1904 1411 1944 καὶ
1427 1920 1505 1944 πα-

21 1998 24 1999 ⁷
53 1965 178 2014 ρειαῒς
190 1960 258 2000 καὶ
279 1959 417 2012 γαστρὶ
434 1958 502 1998 καὶ
526 1955 706 2009 κνήμεσι,
736 1956 947 2010 προστάξει
964 1962 1037 1999 τοῦ
1060 1956 1241 2011 ἀσεβοῦς,
1274 1963 1360 2008 τοῖς
1379 1956 1505 2012 α’μυν-

52 2018 206 2069 τηρίοις
233 2013 436 2056 ἐκόλασαν.
495 2014 746 2052 combefisius
772 2015 913 2062 vertit,
930 2016 1086 2067 flagris
1109 2015 1359 2054 Iacer-abant.-
1397 2018 1507 2067 quod

53 2073 175 2124 paulo
214 2071 336 2109 latius
375 2077 496 2123 patet.
556 2071 704 2108 Sumsit
729 2069 828 2108 haec
855 2077 995 2109 auctor
1025 2085 1245 2123 anonymus
1274 2086 1324 2111 ex
1350 2071 1506 2111 Phileae

53 2128 229 2166 Historia
246 2127 480 2178 Martyrum,
503 2127 611 2164 cuius
631 2127 892 2176 fragmentum
910 2128 1084 2166 servavit
1093 2128 1282 2166 Eusebius
1303 2130 1360 2167 De
1376 2129 1506 2167 incor-

54 2185 183 2236 porali
203 2184 332 2221 anima
351 2186 446 2226 303.
467 2183 510 2220 B.
531 2183 574 2222 οἱ
590 2182 824 2234 βασανισταὶ
845 2179 895 2223 οὔ
914 2213 923 2221 .
946 2212 958 2222 .
977 2182 1042 2223 ἐπὶ
1059 2186 1141 2223 ταῖν
1163 2187 1345 2237 πλευρῶν
1364 2181 1505 2236 μόνον,

57 2235 156 2280 dn&
182 2238 252 2279 καὶ
273 2242 345 2291 τῆς
370 2236 557 2292 γαστρός,
586 2238 654 2278 καὶ
685 2241 876 2290 κνημῶν,
904 2238 973 2279 καὶ
994 2243 1192 2290 παρειῶν,
1218 2245 1304 2288 τοῖς
1328 2237 1509 2292 ἆμυντη-

57 2296 160 2348 ρίοις
179 2290 372 2342 ἐκόλαζον.
429 2295 519 2342 Qua
535 2294 579 2331 in
593 2308 702 2343 voce,
724 2291 878 2346 ἀμυνῇ,
901 2295 1195 2334 substantivum
1221 2294 1371 2350 ὄργανα
1387 2297 1507 2334 modo

56 2349 376 2400 subintelligitur,
395 2351 514 2388 modo
532 2350 704 2389 additur.
745 2352 846 2389 Acta
867 2352 906 2389 S.
923 2351 1141 2390 Philoromi
1157 2353 1249 2395 154.
1271 2354 1316 2391 A.
1339 2350 1508 2403 οἷμυντη-

57 2407 753 2512 ..-ww-mm...
784 2404 1178 2507 ..-m
1201 2410 1506 2501 ”“-“’·’ῑιζ“ῑ;Μ

261 2489 274 2500 .
976 2478 991 2501 ι
1102 2495 1112 2504 .
1181 2494 1190 2503 .
1215 2479 1299 2511 τοις
1323 2480 1344 2503 ο
1395 2478 1470 2502 ανο
1488 2478 1511 2509 ς

58 2513 214 2565 τούτοις
241 2513 499 2568 ἀμυντηρίοις
525 2515 785 2569 χρησώμεθα,
815 2525 910 2557 suut
939 2518 1089 2572 ὄργανα
1115 2479 1543 2571 α’μυντήριαρζοᾶεωο

59 2586 176 2611 sensu
206 2586 285 2623 quo
311 2573 420 2623 apud
440 2578 617 2611 auctores
634 2575 816 2625 antiquos
836 2589 954 2613 arma
973 2575 1221 2624 defensoria,
1253 2588 1335 2612 non
1357 2573 1511 2611 instru-

58 2635 191 2666 menta
222 2634 433 2666 tortorum.
500 2628 652 2674 Quibus
682 2631 798 2668 uncis
841 2631 979 2669 ferreis
1018 2630 1315 2680 flagellabantur
1344 2629 1427 2666 dati
1465 2629 1512 2667 iu

62 2684 345 2734 quaestionem,
386 2683 436 2720 ad
465 2687 745 2722 mercuriolum
779 2687 885 2738 (vid.
925 2687 1056 2726 Reisk.
1087 2687 1302 2722 comment.
1335 2684 1384 2722 ad
1411 2685 1512 2722 Con-

61 2744 177 2777 stant.
204 2739 398 2791 Porphyr.
430 2739 647 2778 Caerimon.
677 2742 755 2779 aul.
782 2743 878 2792 Byz.
906 2743 956 2780 11.
984 2747 1050 2784 71.
1085 2740 1146 2786 C.)
1174 2740 1257 2777 sive
1274 2736 1512 2793 ἓρμητάριον

61 2795 253 2846 suspensi.
308 2797 374 2833 Sic
405 2794 508 2833 enim
545 2795 754 2847 legendum
785 2797 893 2850 apud
917 2797 1167 2835 Theodorum
1194 2795 1435 2834 Iconiensem
1452 2797 1512 2835 De
