1748 3094
303 165 402 214 356
696 172 1039 217 LUITPRANDI
1075 172 1334 218 LEGATIO
1377 235 1383 241 Π

301 276 385 329 pite
411 276 568 315 insidias
597 276 797 326 Danaum,
827 282 866 314 et
893 275 1054 314 crimine
1085 275 1131 312 ab
1149 289 1230 319 uno
1258 277 1392 317 discite
1417 291 1569 318 omnes:
1604 279 1720 318 Nice·

301 342 448 395 phoras
470 342 663 394 mancipio
693 342 775 391 illi,
805 342 866 380 cui
897 341 1148 381 collectitium
1176 348 1289 393 atque
1307 344 1587 383 conductitium
1609 358 1718 383 com-

302 409 502 447 mendavit
528 409 762 458 exercitum,
791 409 995 461 pecuniam
1019 409 1111 446 satis
1138 422 1314 459 magnam
1339 409 1412 447 hac
1428 410 1577 450 ratione
1598 410 1718 460 dedit,

299 482 366 525 ut,
397 475 429 513 si
450 475 679 513 Adelbertus
704 488 792 512 cum
819 480 968 525 septem
995 473 1167 513 millibus
1191 476 1465 526 loricatorum,
1493 482 1531 514 et
1557 489 1602 514 eo
1631 490 1718 514 am-

299 541 424 594 plius,
454 542 554 578 sicut
571 540 786 590 mandavit,
816 554 855 578 se
877 539 1039 588 adierit,
1066 546 1161 578 tunc
1182 541 1411 580 donativum
1437 542 1491 580 eis
1515 542 1616 580 illud
1633 543 1718 581 dis-

300 608 458 646 tribuat.
516 606 622 643 cona
644 606 764 644 frater
784 620 874 644 suus
894 619 982 643 cum
1001 606 1085 657 ipso
1106 613 1143 644 et
1160 607 1338 658 Argolico
1358 608 1532 646 exercitu
1549 621 1621 646 vos
1637 608 1716 647 im-

298 679 467 726 pugnet,
488 671 716 710 Adelbertus
737 686 831 711 vero
851 672 980 711 Bareis
997 672 1199 722 diligenter
1220 674 1470 723 custodiatur,
1498 674 1621 712 donec
1637 688 1716 726 po-

298 739 393 777 titus
411 738 580 777 victoria
599 739 718 776 frater
735 738 877 776 redeat.
933 739 1049 786 Quod
1074 739 1107 776 si
1125 740 1282 794 veniens
1301 746 1361 778 tot
1376 740 1578 778 hominum
1593 740 1716 779 millia

299 819 380 843 non
409 804 585 853 duxerit,
621 810 667 841 ut
697 804 893 855 capiatur,
930 804 1148 854 vinciatur,
1184 794 1370 858 vobisque
1399 820 1443 845 eo
1472 807 1714 845 venientibus

297 872 495 920 tradatur3
524 870 684 921 insuper
698 877 736 908 et
752 871 916 922 pecunia
929 897 938 915 ,
972 884 1068 921 quae
1085 872 1120 909 ei
1140 873 1371 921 debebatur,
1400 880 1548 912 vestras
1566 874 1609 911 in
1628 887 1713 911 ma-

260 940 373 976 Cnus
394 938 627 985 conferatur,
653 937 784 975 edixit.
841 938 873 975 O
892 937 1128 986 bellatorem,
1159 953 1181 976 o
1203 938 1375 976 fidelem!
1404 940 1570 991 prodere
1590 940 1712 991 cupit,

298 1005 362 1042 cui
387 1002 443 1055 26)
474 1003 709 1041 defensorem
735 1010 866 1054 parat3
901 1003 1138 1042 defensorem
1165 1011 1294 1055 parat,
1325 1017 1438 1055 quem
1464 1007 1626 1058 perdere
1645 1019 1712 1044 cu-
1737 1006 1739 1009 ’

293 1071 373 1123 pit:
401 1071 444 1108 in
461 1076 600 1108 neutro
622 1069 731 1118 fides,
759 1069 801 1106 in
818 1077 984 1121 utroque
1001 1070 1228 1108 infidelitas:
1253 1071 1366 1121 fecit,
1397 1086 1473 1123 quo
1490 1086 1572 1110 non
1589 1072 1689 1123 eguit
1697 1085 1710 1122 ;

295 1137 412 1187 eguit,
444 1136 549 1187 quod
562 1149 641 1173 non
663 1136 816 1173 fecerat.
854 1137 929 1174 Sed
947 1143 1040 1186 esto,
1058 1137 1205 1186 fecerit,
1223 1144 1271 1175 ut
1289 1139 1455 1176 Graecos
1472 1139 1611 1188 decuit,
1639 1151 1712 1175 nos

295 1203 343 1240 ad
358 1202 599 1253 propositum
621 1202 834 1240 redeamus.
874 1203 1022 1250 Quarto
1045 1204 1192 1242 decimo
1205 1205 1394 1243 Kalendas
1411 1204 1575 1255 Augusti
1589 1204 1712 1242 colle-

297 1269 448 1307 ctitium
467 1268 593 1320 ipsum
613 1269 788 1306 navalem
807 1269 1020 1307 exercitum
1031 1299 1043 1319 ,
1073 1284 1134 1307 me
1154 1271 1200 1308 ab
1222 1271 1346 1310 invisa
1365 1272 1478 1309 domo
1500 1276 1713 1322 spectante,

294 1334 452 1373 dimisit.
508 1334 662 1371 Decimo
689 1335 805 1372 tertio
832 1342 981 1385 autem,
1012 1350 1088 1386 quo
1117 1337 1180 1374 die
1206 1337 1309 1374 leves
1332 1336 1472 1374 Graeci
1492 1337 1711 1388 raptionem-

292 1402 398 1439 Eliae
426 1400 637 1451 Prophetae
667 1400 716 1437 ad
738 1401 861 1438 caelos
891 1402 996 1439 ludis
1025 1402 1184 1439 scenicis
1208 1403 1422 1452 celebrant,
1449 1415 1511 1440 me
1536 1415 1576 1440 se
1601 1402 1708 1439 adire

291 1466 489 1519 praecepit
497 1479 508 1512 3
539 1466 601 1502 cui
619 1472 657 1503 et
685 1466 756 1504 ait:
783 1467 993 1518 Imperium
1018 1474 1195 1505 nostrum
1223 1468 1353 1519 copias
1376 1467 1419 1505 in
1435 1467 1612 1518 Assyrios
1633 1468 1707 1505 du-

294 1547 380 1572 cere
417 1531 559 1582 cogitat
594 1546 674 1570 non
707 1546 825 1583 super
861 1532 1130 1582 Christicolas,
1170 1534 1488 1584 quemadmodum
1527 1534 1706 1571 dominus

291 1608 402 1639 tuus:
431 1599 640 1651 praeterito
669 1599 814 1650 quippe
843 1612 944 1636 anno
971 1599 1139 1650 idipsum
1162 1600 1288 1637 facere
1314 1600 1444 1649 volui,
1471 1600 1538 1638 sed
1562 1600 1705 1648 audito,

292 1668 394 1720 quod
417 1666 595 1704 dominus
618 1672 709 1703 tuus
729 1666 885 1716 Imperii
905 1666 1027 1703 nostri
1047 1672 1189 1703 terram
1203 1665 1386 1703 invadere
1399 1666 1539 1716 vellet,
1567 1665 1706 1703 dimis-

250 1735 345 1773 Dsis
366 1733 531 1785 Assyriis
546 1762 556 1781 ‚
585 1733 697 1770 illum
719 1745 853 1770 versus
873 1731 1039 1769 habenas
1059 1732 1299 1770 retorsimusz
1327 1732 1574 1784 obviavitque
1590 1731 1704 1769 nobis

289 1802 333 1839 in
352 1799 576 1839 Macedonia
600 1798 823 1836 Dominicus
840 1797 1057 1835 venedicus
1075 1799 1239 1837 nuncius
1260 1812 1375 1848 suus,
1406 1799 1475 1849 qui
1496 1798 1617 1836 multo
1641 1798 1704 1835 la-
1742 1823 1745 1826 ι

288 1869 381 1904 bore
411 1874 448 1904 et
468 1866 605 1904 sudore
630 1877 701 1901 nos
717 1891 727 1909 ‚
756 1870 802 1901 ut
818 1870 1128 1912 reverteremur,
1166 1865 1327 1914 delusit,
1353 1864 1602 1903 iureiurando
1632 1878 1702 1903 no.

288 1933 347 1969 bis
367 1932 581 1980 affirmans,
609 1943 818 1980 numquam
844 1930 1043 1968 dominum
1067 1937 1178 1969 tuum
1197 1945 1276 1970 esse
1295 1932 1338 1969 id
1362 1931 1613 1981 cogitaturum
1631 1944 1703 1969 ne-

290 1997 383 2035 dum
406 1999 623 2044 facturum3
651 2002 842 2034 revertere
870 2010 958 2047 ergo
982 1998 1102 2047 (quod
1123 2011 1212 2035 cum
1241 1997 1431 2035 audissem
1451 1996 1589 2033 tacitus
1619 1997 1700 2036 Deo

288 2063 426 2113 gratias
454 2063 551 2109 dixi)
582 2069 619 2100 et
644 2063 760 2111 haec,
791 2069 908 2113 atque
936 2063 1032 2100 haec
1054 2070 1121 2100 tuo
1150 2063 1305 2100 domino
1331 2061 1536 2100 nunciato:
1576 2062 1609 2100 si
1636 2070 1699 2101 m'e

287 2134 503 2179 compotem
537 2129 692 2177 fecerit,
728 2129 810 2179 ipse
837 2128 980 2166 redito.
1037 2128 1108 2165 Cui
1132 2129 1460 2180 iubeatsinquam
1490 2130 1697 2168 Sanctissi—

283 2208 391 2233 mum
410 2195 682 2245 Imperatorem
708 2193 770 2245 27)
803 2201 914 2232 tuum
936 2206 997 2230 me
1019 2193 1064 2230 in
1091 2195 1239 2232 Italiam
1261 2195 1337 2233 cito
1362 2196 1561 2245 advolare,
1593 2202 1698 2235 certa

282 2261 454 2309 ratione,
485 2259 587 2310 quod
616 2260 794 2297 dominus
816 2273 944 2308 meus,
973 2273 1070 2310 quae
1091 2261 1175 2298 vult
1195 2251 1400 2313 Imperium
1422 2268 1556 2311 tuum,
1587 2275 1697 2300 com-

283 2327 410 2378 pleat,
451 2331 490 2363 et
516 2325 638 2361 laetus
669 2338 735 2374 ego
768 2326 817 2362 ad
845 2332 883 2363 te
907 2326 1070 2364 redeam.
1127 2326 1243 2373 Quod
1268 2341 1343 2378 qua
1366 2334 1492 2366 mente
1517 2328 1693 2378 dixerim,

246 2396 357 2430 Enec
388 2392 534 2443 ipsum,
569 2389 672 2440 proh
689 2391 825 2440 dolor,
862 2391 988 2429 latuit.
1053 2392 1149 2429 Nam
1178 2393 1398 2443 subridens,
1426 2393 1541 2432 simul
1570 2394 1694 2444 capite

282 2457 429 2505 innuit,
464 2469 599 2507 meque
627 2462 758 2494 contra
777 2464 891 2495 tenus
922 2470 962 2494 se
981 2457 1225 2509 adorantem,
1259 2465 1372 2510 atque
1400 2459 1600 2496 abeuntem
1625 2471 1692 2496 ex-

280 2531 363 2572 tra,
391 2523 486 2562 foris
510 2535 682 2570 manere,
709 2529 825 2573 atque
845 2524 894 2560 ad
923 2536 1077 2560 coenam
1098 2525 1188 2563 allio
1218 2532 1256 2563 et
1276 2539 1368 2577 cepa
1388 2525 1483 2563 bene
1511 2525 1689 2575 olentem,

281 2590 365 2628 oleo
385 2595 423 2627 et
443 2603 534 2639 garo
554 2588 748 2627 sordidam
769 2590 899 2628 venire
916 2591 1132 2642 praecepit,
1164 2593 1385 2643 magnisque
1405 2592 1467 2630 die
1486 2591 1553 2628 illa
1579 2590 1689 2630 effeci

320 2718 382 2761 25)
406 2700 497 2754 Alias
514 2719 580 2763 qui.
611 2719 708 2752 can.
798 2719 861 2761 27)
885 2719 975 2753 Fore.
995 2720 1180 2764 imperium.
1204 2721 1312 2755 Mur.
