1748 3094
280 129 378 176 346
676 135 1020 182 LUITPRANDI
1048 135 1303 181 LEGATIO

281 244 391 276 esset.
446 239 577 278 Palam
606 245 684 291 est,
714 239 822 292 quod
846 239 1125 290 Berengarius‚
1152 245 1193 278 et
1216 238 1444 280 Adelbertus
1468 242 1530 280 sui
1558 243 1701 283 milites

280 304 428 358 effecti,
455 307 629 358 Regnum
657 307 836 346 Italicum
863 311 1022 357 sceptro
1056 319 1174 344 aureo
1201 310 1253 344 e'x
1275 307 1355 346 eius
1375 321 1494 346 manu
1515 323 1700 362 suscepe-

280 380 397 424 rant,
427 380 465 413 et
490 374 756 426 praesentibus
778 371 900 411 servis
919 371 1019 421 tuis,
1049 372 1117 423 qui
1136 386 1243 412 nunc
1261 387 1383 426 usque
1402 383 1630 428 supersunt,
1662 383 1701 414 et

278 440 353 480 hac
370 441 412 479 in
431 441 586 480 civitate
605 442 767 492 degunt,
796 436 1049 477 iureiurando
1067 438 1181 477 fidem
1199 441 1471 492 promiserunt.
1525 443 1576 481 Et
1596 442 1699 493 quia,

278 514 502 559 suggerente
519 508 681 546 Diabolo
694 537 707 558 ,
735 506 839 544 hanc
861 503 1010 556 perfide
1027 504 1246 558 violarunt,
1273 508 1377 548 iuste
1394 509 1483 548 illos
1502 509 1610 560 quasi
1630 509 1700 547 ‹le-

278 582 442 614 sertores
454 605 465 625 ,
495 574 646 625 sibique
666 572 847 622 rebelles,
874 571 1006 621 Regno
1028 573 1222 624 privavit=
1251 576 1357 626 quod
1376 576 1432 614 ita
1449 576 1613 614 subditis
1627 577 1703 615 tibi

279 648 318 679 et
347 640 595 693 postmodum
619 638 829 678 rebellibus
852 638 1008 677 faceres.
1063 640 1138 678 Sed
1169 653 1272 690 non,
1301 642 1381 692 ait,
1407 643 1601 682 Adelberti
1622 642 1702 681 hoc

276 708 490 761 profitetur
510 707 633 745 miles.
690 705 762 744 em·
780 705 961 757 inquam:
989 705 1022 743 si
1041 719 1151 744 secus
1172 707 1336 757 dixerit,
1364 721 1540 748 meorum
1562 709 1699 760 aliquis

277 774 468 823 militum,
505 774 537 812 si
566 773 699 822 iubes,
738 785 823 811 cras
851 773 907 810 ita
935 785 1017 811 rem
1041 786 1122 812 esse
1150 773 1280 812 duello
1305 774 1530 814 declarabit.
1590 775 1699 825 Esto,

240 840 426 891 cinquit,
455 839 588 878 fecerit
600 839 718 889 haec,
746 845 793 877 ut
811 839 885 889 ais,
913 839 1025 881 iuste.
1079 841 1193 878 Nunc
1215 853 1284 878 cur
1299 840 1458 892 Imperii
1473 841 1598 879 nostri
1615 848 1698 880 ter-

270 907 397 945 minos
417 904 474 960 ¹⁰)
495 906 599 945 bello
618 905 878 957 incendioque
895 919 1090 957 aggressus
1109 907 1179 956 sit,
1208 906 1362 958 expedi.
1405 907 1530 946 Amici
1547 921 1698 946 eramus

271 974 573 1025 societatemque
602 972 936 1023 indissolubilem,
965 973 1113 1025 nuptiis
1143 972 1402 1025 interpositis,
1430 974 1557 1012 facere
1585 974 1699 1024 cogi-
1744 983 1747 985 ·

274 1040 466 1080 tabamus.
523 1041 681 1077 Terram
705 1039 886 1089 inquam,
916 1052 1033 1090 quam
1053 1039 1211 1091 Imperii
1234 1039 1296 1077 tui
1315 1051 1396 1078 esse
1411 1053 1563 1088 narras,
1591 1053 1701 1091 gens,

271 1105 419 1153 incola,
459 1112 498 1144 et
525 1106 679 1156 lingua,
717 1106 846 1144 Italici
879 1106 1002 1156 Regni
1030 1119 1109 1144 esse
1139 1105 1321 1144 declarat.
1387 1103 1698 1156 Tenueruntque

270 1172 378 1210 illam
405 1172 639 1224 potestative
659 1172 928 1223 Longobardi3
965 1186 1079 1223 quam
1104 1178 1144 1211 et
1170 1171 1394 1210 Ludovicus
1417 1171 1697 1222 Longobardo-

269 1251 379 1287 rum,
408 1253 476 1278 seu
504 1240 743 1277 Francorum
768 1238 1004 1290 Imperator,
1033 1238 1082 1276 de
1104 1251 1222 1276 manu
1249 1239 1551 1284 Saracenorum,
1581 1238 1697 1276 mul-

266 1303 436 1343 titudine
462 1312 677 1357 prostrata,
705 1305 899 1344 liberavit.
955 1305 1031 1342 Sed
1055 1311 1095 1344 et
1114 1304 1370 1356 Landulphus
1396 1305 1696 1342 Beneventano·
1722 1339 1724 1341 .

265 1384 375 1420 rum,
414 1378 453 1410 et
480 1373 751 1424 capuanorum
778 1372 962 1423 Princeps
999 1372 1201 1423 septennio
1236 1370 1468 1423 potestative
1504 1382 1588 1407 eam
1622 1370 1695 1407 sibi

265 1438 493 1488 subiugavit.
550 1439 629 1477 Nec
646 1453 667 1476 a
689 1437 888 1477 servitutis
908 1437 1009 1487 eius,
1039 1451 1108 1476 seu
1129 1449 1394 1476 successorum
1411 1449 1569 1473 suorum
1587 1434 1691 1485 iugo,

225 1511 256 1545 D
268 1519 389 1556 usque
406 1505 456 1543 ad
472 1518 653 1557 praesens
670 1506 811 1554 exiret,
841 1504 967 1550 sinon
983 1504 1168 1542 immensa
1186 1503 1274 1542 data
1287 1501 1471 1554 pecunia,
1496 1502 1692 1539 Romanus

264 1572 477 1623 imperator
492 1571 620 1610 nostri
637 1572 751 1622 Regis
767 1570 942 1621 Hugonis
958 1570 1167 1608 amicitiam
1183 1575 1340 1609 emeret.
1393 1569 1444 1608 Et
1460 1566 1558 1605 haec
1576 1580 1691 1605 causa

265 1638 361 1687 fuit,
416 1637 497 1675 uod
527 1638 661 1690 nepoti
680 1651 774 1687 suo,
803 1644 843 1677 et
861 1636 1072 1688 aequivoco
1097 1636 1210 1687 Regis
1231 1635 1379 1685 nostri,
1408 1634 1579 1674 eiusdem
1599 1634 1690 1672 Hu-

263 1704 372 1754 gonis
408 1704 583 1755 spuriam
616 1704 796 1755 coniugio
839 1704 1048 1756 copulavit.
1072 1716 1075 1719 ’
1104 1704 1156 1742 Et
1188 1709 1234 1741 ut
1269 1702 1490 1750 considero,
1526 1701 1689 1738 Domino

262 1783 348 1808 meo
373 1783 454 1808 non
477 1771 660 1821 gratiam,
690 1771 760 1809 sed
776 1770 1047 1823 impotentiam
1069 1770 1277 1819 adscribis,
1307 1769 1413 1820 quod
1431 1773 1521 1819 post
1542 1768 1688 1816 Italiae,

263 1849 333 1874 seu
350 1838 493 1875 Romae
512 1837 831 1888 acquisitionem,
858 1844 920 1876 tot
939 1836 1052 1875 annis
1068 1849 1150 1875 eam
1170 1836 1243 1874 tibi
1258 1836 1459 1875 dimiserit.
1513 1835 1687 1874 Societa-

262 1909 341 1940 tem
356 1916 449 1942 vero
468 1904 674 1953 amicitiae,
703 1917 819 1954 quam
837 1910 877 1942 te
895 1903 1092 1956 parentela
1110 1902 1279 1940 voluisse
1295 1902 1547 1951 facere-dicis,
1575 1902 1686 1939 frau-

263 1968 352 2006 dem
366 1983 437 2007 nos
459 1970 668 2021 dolumque
687 1975 883 2008 tenemus:
901 1983 1088 2022 pausanas
1107 1967 1160 2020 11)
1179 1969 1309 2019 exigis,
1337 1982 1432 2020 quas
1448 1981 1523 2006 nec
1541 1973 1580 2005 te
1598 1967 1685 2004 exi-

262 2049 350 2086 gere
369 2049 493 2087 neque
511 2050 582 2075 nos
604 2037 815 2075 concedere
835 2036 935 2074 ratio
952 2036 1037 2087 ipsa
1055 2035 1264 2086 compellit.
1302 2035 1445 2074 Verum
1464 2039 1512 2072 ut
1529 2033 1685 2072 fallacia

263 2103 517 2154 exculpatur,
544 2103 686 2141 veritas
714 2116 796 2140 non
817 2102 1040 2150 reticeatur,
1069 2100 1175 2139 misit
1201 2114 1261 2139 me
1284 2100 1473 2139 Dominus
1494 2112 1600 2138 meus
1634 2100 1684 2137 ad

262 2174 323 2216 te,
351 2174 414 2217 ut,
443 2169 477 2206 si
493 2168 614 2206 filiam
633 2169 796 2207 Romani
824 2166 1092 2220 Imperatoris,
1121 2173 1161 2204 et
1189 2165 1446 2218 Theophanae
1467 2164 1525 2218 l²)
1550 2166 1683 2217 Impe-

264 2234 441 2284 ratricis,
478 2234 643 2271 Domino
672 2247 777 2283 meo,
815 2234 897 2272 fflio
923 2247 992 2271 suo
1021 2232 1156 2270 ottoni
1185 2232 1412 2283 Imperatori
1437 2231 1608 2282 Augusto
1638 2231 1682 2268 in

225 2299 487 2350 Eeoniugium
518 2300 671 2338 tradere
699 2301 890 2347 volueris,
929 2300 1145 2337 iuramento
1177 2298 1273 2335 mihi
1306 2298 1497 2348 affirmes,
1535 2303 1575 2335 et
1610 2309 1680 2347 ego

261 2381 335 2420 pro
360 2365 571 2417 gratiarum
598 2367 956 2417 recompensatione
980 2366 1076 2403 haec
1089 2394 1101 2413 ,
1131 2370 1170 2402 et
1199 2363 1295 2402 haec
1318 2365 1525 2402 Dominum
1549 2375 1677 2401 meum

262 2433 336 2470 tibi
362 2433 555 2471 facturum
581 2437 621 2469 et
649 2432 964 2480 observaturum,
992 2431 1239 2468 iureiurando
1258 2431 1468 2468 affirmabo.
1490 2426 1543 2480 13)
1599 2427 1678 2465 Sed

263 2505 302 2536 et
317 2498 501 2550 optimam
519 2495 574 2549 l¹¹)
603 2497 792 2536 amicitiae
821 2498 1029 2536 arabonam
1050 2495 1285 2535 fraternitati
1307 2503 1398 2534 tuae
1414 2507 1520 2534 nunc
1535 2492 1677 2531 Domi-

268 2678 271 2682 ,
307 2640 367 2682 10)
398 2640 488 2674 Alias
513 2645 650 2674 terram.
683 2639 781 2673 Gan.
885 2638 943 2680 11)
967 2638 1019 2671 Al.
1042 2637 1206 2671 inducias.
1241 2638 1338 2670 Gan.
1438 2636 1499 2680 12)
1529 2634 1593 2668 Alii
1616 2645 1675 2667 vo-

350 2689 427 2717 cant
450 2685 712 2729 Theophaniam.
746 2684 843 2716 Can.
913 2682 974 2726 13)
997 2682 1063 2716 Hic
1084 2682 1181 2717 deest
1203 2681 1340 2726 aliquid.
1373 2680 1470 2715 Gan.
1541 2679 1600 2723 14)
1622 2678 1674 2713 Al.

351 2727 509 2771 optimum
530 2729 761 2764 arrhabonem.
791 2728 860 2762 Mn
869 2739 897 2762 r.
