1760 3034
372 150 652 197 NOMINUM
678 151 758 196 ΕΤ
787 149 1115 195 VERBORUM.

43 276 49 279 ι
70 250 129 296 3.]“
145 261 213 297 qno
237 263 327 287 anno
350 252 511 294 488339.
535 252 726 298 expeditio-
774 278 776 281 s

26 328 27 331 ,
71 308 148 332 nem
169 297 332 333 adversus
348 299 526 333 Ecbatana
543 299 726 333 meditatur

71 344 152 383 162,
178 344 231 378 13.
256 344 331 377 eius
357 345 534 390 expeditio
555 344 665 379 altera
687 345 723 378 in

70 388 207 432 Syriam
233 390 323 430 165,
345 390 400 425 17.
423 389 531 434 [384,
557 391 609 434 2.]
633 391 724 424 unde

69 433 249 478 imaginem
262 435 458 470 Senatoris
468 436 586 479 Beryti
603 436 723 470 inven-

22 495 28 502 ·
70 482 139 512 tam
159 479 270 524 Cplim
281 479 388 516 mittit
404 483 484 523 166,
505 483 563 517 20.
580 481 654 515 eius
665 481 724 515 lit-

69 528 167 558 terae
183 524 356 559 laureatae
372 525 416 559 de
443 525 723 571 eademexpedi-

71 570 166 604 tione
185 570 230 604 ad
240 571 530 612 Adnodsschahin,
546 572 723 606 Armeniae

71 625 186 658 regem
203 615 282 656 491,
303 615 361 651 24.
377 617 521 651 Ioannes
536 616 723 651 Tzimisces

20 685 28 689 .
70 659 155 704 Imp.
195 660 240 695 de
282 660 530 705 significatione
573 667 724 697 cometae

0 706 1 712 ¹
71 705 263 750 astrologos
277 707 423 741 consulit
440 709 519 748 168,
536 708 594 742 23.
613 708 647 741 ei
660 720 723 742 ve-

20 776 31 780 -
71 761 192 784 uenum
216 752 397 795 praebetur
431 754 520 794 177,
548 755 584 789 9.
619 752 722 796 [384,

70 797 146 839 26]
167 796 310 830 Ioannes
321 797 507 832 Tzimisces
521 798 603 843 Imp.
622 799 724 832 mori-

70 846 127 875 tur
151 842 232 883 178,
253 845 307 878 12.
330 841 425 885 [384,
441 845 516 888 28.]
539 843 610 877 eius
628 850 725 878 aetas

71 898 146 920 cum
167 888 282 921 obiret
305 890 383 929 178,
406 890 463 924 20.
485 889 643 936 quamdiu
662 890 726 923 im-

24 960 27 962 .
71 933 246 977 pei-averit
261 934 342 974 512,
360 936 417 969 26.
444 934 539 978 [384‚
560 934 630 978 28]
650 935 722 968 eius

72 978 205 1022 species
228 989 268 1012 ac
294 979 404 1013 forma
431 980 497 1020 96,
528 982 583 1014 16.
614 992 724 1014 mores

73 1025 151 1061 178,
165 1025 221 1058 21.
243 1023 362 1058 laudes
380 1026 436 1062 37.
456 1026 510 1061 12.
538 1025 630 1068 [384,
650 1025 722 1070 3Ο.]

72 1068 215 1102 virtutes
244 1074 280 1103 et
305 1069 390 1104 vitia
413 1072 478 1111 97,
503 1072 558 1105 17.
581 1071 725 1104 Ioannes

72 1113 156 1158 Imp.
179 1115 286 1157 bona,
309 1126 396 1160 quae
422 1117 577 1161 privatus
595 1117 725 1150 habue-

72 1165 148 1202 rat,
179 1159 403 1194 distribuerat
434 1161 639 1207 pauperibus
666 1163 724 1204 99,

73 1206 128 1240 13.
159 1210 236 1239 erat
260 1206 355 1250 pacis
382 1218 495 1240 amans
522 1208 608 1248 156,
632 1209 666 1241 7.
687 1207 725 1241 iu

25 1274 28 1276 v
74 1250 214 1294 praeliis
236 1251 392 1285 auxilium
417 1252 454 1284 S.
474 1252 647 1286 Theodori
669 1253 724 1286 in-

71 1296 349 1340 vocare-solebat
373 1296 450 1338 154,
473 1297 508 1331 7.
530 1298 620 1331 unde
637 1297 725 1331 Tzi-

22 1371 27 1374 ,
72 1341 194 1374 misces
222 1342 478 1385 cognominatus
512 1342 570 1376 sit·
591 1345 660 1383 92,
689 1344 724 1377 2.

72 1387 322 1466 ἓξεὶῈ-ῗὶεῗέε
329 1387 596 1467 ἶξηῖἱῖιῗίἲᾛῗῗ
608 1389 724 1468 Χὲιιιιιιὲῖ

72 1477 170 1510 niace
195 1477 289 1510 docti
311 1477 453 1512 Cirbied
470 1477 551 1522 454,
569 1481 624 1513 11.
645 1482 725 1524 post

71 1521 208 1556 Ioannis
218 1523 411 1557 Tzimiscae
422 1524 506 1568 Imp.
516 1530 656 1558 mortem
668 1536 726 1558 re-

71 1567 236 1600 belliones
243 1568 456 1602 calamitosae
464 1570 590 1604 multae
603 1572 680 1611 169,
690 1572 724 1605 9.

27 1624 168 1658 Ioannes
191 1624 312 1658 Alacas
331 1635 352 1657 a
368 1625 484 1658 Barda
500 1626 620 1660 Sclero
647 1638 725 1671 spe-

26 1688 35 1692 ›
73 1670 217 1703 colatum
235 1674 352 1703 contra
366 1669 495 1703 Russos
511 1671 628 1705 missus
647 1674 724 1713 109,

71 1716 106 1750 2.
118 1721 203 1759 quot
212 1714 319 1748 modis
332 1716 505 1749 scribatur
515 1716 587 1750 eius
603 1728 722 1751 nomen

26 1759 217 1840 Ioa41iiriie⁸⁷a
248 1805 288 1838 S.
312 1804 461 1838 Andrea.
506 1806 592 1839 Vide
614 1808 723 1850 paulo

68 1850 150 1896 post
168 1850 310 1884 Ioannes
327 1862 348 1884 a
369 1851 495 1884 Sancto
510 1852 659 1886 Andrea.

26 1912 107 1942 ante
132 1907 168 1940 S.
189 1906 324 1940 Ioannis
345 1906 523 1951 Baptistae
544 1907 725 1952 imaginem

98 1951 183 1986 uieti
212 1963 249 1985 se
273 1951 380 1984 tradit
395 1952 610 1997 Nicephorus
637 1957 724 1998 Aug.

73 1964 140 2040 36,
163 1998 217 2032 23.
247 1997 364 2030 Sancti
389 1997 523 2031 Ioannis
544 1999 725 2043 Baptistae

72 2042 187 2088 capilli
203 2042 238 2076 in
258 2047 370 2076 castro
388 2042 580 2088 Mempetze
596 2044 725 2090 reperti

75 2090 156 2132 166,
179 2089 215 2123 2.

28 2145 69 2179 S.
99 2145 241 2179 Ioannes
271 2144 531 2189 chrysostomus
554 2146 726 2180 studiosus

73 2190 212 2233 Homeri
230 2189 378 2224 imitator
394 2189 472 2232 410,
492 2192 547 2226 21.
565 2191 727 2236 frequen-

75 2239 128 2269 tat
155 2246 271 2269 vocem
300 2235 518 2280 γεγεννηκώς
547 2239 608 2278 62,
635 2240 666 2271 1.
691 2238 726 2272 in

75 2280 147 2314 eius
173 2281 327 2314 versione
345 2281 460 2326 lapsus
475 2282 637 2316 Erasmus
655 2283 725 2316 Ro-

74 2325 266 2359 terodamus
293 2325 372 2368 467,
395 2327 453 2362 33.

28 2381 146 2415 Ioanni
168 2381 330 2415 Cinnamo
347 2382 491 2417 fortasse
511 2383 726 2419 innotuerunt

74 2426 198 2460 Leonis
221 2427 350 2471 scripta
373 2426 451 2470 484,
477 2430 531 2464 15.

30 2471 67 2505 S.
78 2472 220 2505 Ioannes
233 2471 399 2506 Climacus
407 2473 593 2510 illustratus
602 2474 681 2516 459,
692 2477 708 2510 1
715 2501 724 2509 .

28 2517 172 2551 loannes
201 2517 354 2551 Curcuas
385 2519 547 2563 magister
570 2521 725 2565 imperite

75 2573 131 2596 res
149 2562 362 2596 administrat
387 2563 462 2604 126,
488 2565 542 2600 16.
564 2566 599 2599 in
626 2577 726 2610 prae-

74 2607 121 2641 lio
142 2619 164 2641 a
186 2608 304 2641 Russis
327 2608 529 2642 interficitur
552 2609 637 2652 148,
670 2612 725 2647 15.

31 2652 69 2686 S.
88 2653 221 2686 Ioannis
232 2653 428 2686 Damasceni
441 2654 552 2697 opinio
569 2655 612 2689 de
627 2657 725 2702 aquis

76 2703 197 2732 natura
220 2697 338 2732 calidis
360 2698 439 2739 445,
462 2700 494 2735 5.

31 2741 185 2784 Ioannes,
210 2743 391 2778 melitenae
410 2744 643 2791 metropolita,
665 2757 726 2780 au-

76 2797 146 2832 Lco
168 2798 347 2833 Diacomu.

1374 147 1475 200 593

822 254 899 286 otor
915 252 1084 298 epitaphii
1094 253 1128 288 in
1139 253 1373 300 Nicephorum
1381 256 1476 292 Pho·

775 324 785 325 γ.
826 297 989 341 eam463,
1001 301 1055 334 16.
1069 300 1204 344 quando
1214 301 1429 344 vixeritffit,
1439 305 1475 339 6.

777 341 932 386 {Ioannis
946 344 1064 389 Papae
1079 345 1124 378 ad
1138 345 1369 390 Nicephorum
1387 359 1475 382 nan—

822 388 887 430 cii,
908 394 947 423 nt
964 389 1149 429 amicitiam
1161 391 1292 427 faceret
1314 404 1388 428 cum
1407 394 1477 428 ot-

822 438 904 468 tone
921 435 1002 478 363,
1024 436 1079 473 15.
1098 435 1135 471 in
1151 447 1321 473 carcerem
1331 439 1474 475 tradun-

822 482 883 513 tur
902 478 983 519 364,
1008 481 1078 524 11.]

776 522 920 603 Ιοεὲηὸιιεε
946 525 1154 571 Philoponns
1177 527 1374 562 emendatus
1394 526 1475 570 483,

776 613 921 648 Ioannes
948 626 970 649 a
994 615 1120 650 Sancto
1145 616 1282 652 Andrea
1301 618 1418 664 lapsus
1439 621 1475 654 in

821 660 978 739 ἔξπείοιιο
1004 661 1183 707 Liturgiae
1201 663 1240 697 S.
1261 663 1373 707 Marci
1393 663 1476 708 486,

775 748 920 784 Ioannes
948 750 1102 796 Scylitza
1127 752 1273 786 Leonem
1290 752 1477 789 Diaconum

824 796 989 831 exscribit
1006 797 1118 840 XVII,
1139 801 1192 832 10.
1213 800 1294 839 428,
1315 801 1373 835 30.
1395 801 1479 842 453,

824 840 880 876 14.
910 840 1000 883 455,
1028 842 1086 877 26.
1118 843 1210 885 457,
1245 845 1301 879 12.
1331 845 1420 887 459,
1441 846 1476 881 5.

823 885 913 930 461,
946 888 1003 922 12.
1035 886 1124 929 466,
1153 890 1186 924 8.
1218 889 1275 925 31.
1307 888 1397 932 471,
1418 891 1476 926 32.

823 931 906 973 477,
927 930 984 967 40.
1011 931 1091 974 478,
1113 935 1150 969 3.
1171 931 1261 975 484,
1282 936 1339 971 25.
1362 945 1478 970 emen·

825 977 926 1011 datur
964 977 1052 1019 455,
1089 980 1141 1013 19.
1174 980 1298 1024 passim
1323 993 1367 1015 ex
1398 981 1477 1016 aliis

825 1024 1303 1112 ffiisseniiffiuioiffiij
1325 1038 1376 1107 1¹¹2?
1378 1038 1478 1106 ”effi

824 1113 981 1148 Historia
1001 1125 1160 1159 perquam
1177 1115 1270 1149 utilis
1290 1116 1335 1151 ad
1364 1128 1478 1151 emen-

823 1158 971 1192 dandum
1003 1165 1133 1193 textum
1170 1161 1295 1195 Leonis
1334 1162 1478 1196 Diaconi

824 1203 966 1245 XVIII,
988 1204 1021 1239 5.
1047 1204 1221 1250 Scylitzae
1244 1206 1361 1241 Codex
1389 1207 1479 1242 San-

823 1249 1055 1293 germaiiensis
1089 1249 1237 1295 optimae
1264 1257 1366 1287 notae
1387 1251 1478 1296 415,

778 1337 920 1380 Ioanni,
959 1319 1217 1385 archiepiscopo
1254 1339 1479 1376 Thessaloni·

824 1385 1043 1464 ἓῗῑῗ-...ἶιῗἘὲ
1060 1385 1410 1468 Ἓῖῗέζᾛῖὂῗῇοι
1423 1387 1479 1466 ¹³12

824 1486 887 1508 cur
913 1482 1034 1510 auctor
1055 1475 1147 1510 illius
1174 1487 1251 1510 esse
1278 1487 1344 1512 non
1355 1457 1480 1523 ’possit

777 1521 1006 1610 Ioffltiiipo‘lgin
1033 1566 1184 1612 appellat
1216 1566 1358 1602 Ioannes
1393 1567 1479 1603 'rzi-

823 1611 947 1645 misces
980 1611 1064 1656 Imp.
1100 1613 1354 1647 Praesthlabam
1385 1624 1408 1648 a
1439 1625 1479 1649 se

823 1655 1043 1691 instauratam
1068 1659 1147 1698 138,
1171 1659 1227 1693 18.

777 1699 919 1736 Flavius
939 1703 1104 1747 Iosephus
1120 1702 1317 1737 emendatus
1337 1701 1425 1745 423.
1441 1705 1478 1740 2-

778 1745 942 1791 Iosephus
958 1747 1117 1792 Bdngas,
1139 1748 1376 1790 cubicularius,
1398 1761 1480 1794 spa-

823 1793 891 1835 do,
912 1793 1087 1838 plurimum
1118 1798 1233 1837 potest
1260 1793 1295 1827 in
1325 1795 1401 1829 aula
1418 1796 1478 1836 31,

825 1840 880 1872 19.
922 1839 1075 1872 inimicus
1107 1838 1305 1884 Nicephoro
1341 1839 1480 1875 phocae

823 1884 907 1917 ibid.
924 1885 981 1919 21.
1000 1882 1127 1927 [XXX,
1148 1885 1182 1920 3.
1206 1885 1278 1928 12.]
1298 1885 1376 1918 huic
1395 1885 1480 1920 insi-

824 1928 900 1963 dias
924 1929 1030 1963 struit
1054 1930 1123 1970 32,
1151 1930 1207 1965 16.
1239 1929 1374 1975 [XXX,
1407 1932 1476 1976 15.]

824 1974 949 2008 studiis
985 1975 1134 2008 Senatus
1171 1974 1206 2008 in
1245 1975 1479 2021 Nicephorum

826 2019 975 2053 Phocam
991 2019 1119 2053 invitus
1136 2020 1229 2054 cedit
1244 2019 1302 2062 34,
1326 2022 1380 2057 14.
1403 2033 1479 2055 eum

825 2065 998 2109 poenitet,
1021 2065 1251 2110 Nicephorum
1268 2066 1417 2100 Phocam
1445 2067 1478 2099 in

825 2110 969 2144 Oriente
984 2110 1092 2154 copiis
1108 2112 1315 2164 praefecisse
1329 2113 1395 2152 36,
1421 2111 1476 2146 14.

825 2162 967 2235 ῖῖἒζῖιί
986 2155 1332 2243 ,ἰὲἲιῗὲἳζέἒῗῗὸῗῗ
1351 2157 1478 2238 19ῗῖῗὲ

824 2246 987 2292 Iosephus
995 2246 1141 2291 Bringas
1149 2247 1377 2291 Nicephorum
1388 2247 1478 2281 Phu-

827 2303 899 2325 cam
910 2292 1044 2326 insidiis
1054 2293 1142 2337 petit
1158 2291 1215 2332 43,
1236 2297 1287 2328 10.
1302 2293 1478 2336 Nicepho-

824 2337 1254 2418 3³3532⁹¹¹¹31¹1¹ss⁵33ffi223⁸
1278 2344 1406 2415 .ῖῖιῖῑί
1421 2337 1478 2415 ιῖἓ

1158 2407 1168 2423 ,
1247 2409 1253 2415 .

825 2428 905 2462 anni
930 2394 1143 2468 Tziiniscae,
1176 2433 1214 2460 ut
1246 2428 1476 2471 Nicephorum

825 2475 1088 2519 comprehendat
1102 2474 1169 2515 38,
1195 2475 1248 2507 12.
1271 2472 1305 2505 in
1322 2483 1393 2504 eum
1411 2471 1479 2505 Ni-

825 2519 964 2564 cephori
988 2520 1124 2552 Phocae
1157 2529 1219 2562 pro
1248 2517 1408 2550 concione
1440 2517 1477 2550 in

825 2565 945 2599 castris
958 2564 1110 2598 convicia
1119 2561 1175 2602 42,
1196 2566 1247 2596 10.
1267 2562 1309 2595 ad
1324 2572 1396 2595 eum
1410 2559 1476 2595 Ni-

824 2610 965 2654 cephori
980 2610 1115 2642 Phocae
1132 2607 1276 2650 epistola
1292 2607 1349 2645 45,
1366 2607 1399 2641 3.
1415 2607 1475 2640 sed

826 2654 1038 2688 nihilominus
1057 2652 1252 2696 Nicephoro
1279 2651 1390 2697 Cplim
1414 2663 1475 2697 pe-

828 2701 915 2734 tenti
943 2699 1071 2733 resistit
1097 2699 1161 2738 45,
1186 2699 1238 2733 12.
1263 2702 1300 2730 at
1324 2698 1395 2731 eius
1415 2707 1476 2733 uu-

827 2746 967 2779 ctoritas
987 2742 1168 2790 praecipue
1185 2754 1207 2778 a
1221 2742 1349 2778 Basilio
1373 2743 1476 2777 notho

1123 2792 1251 2832 38.
