1768 3034
324 114 388 164 56
799 126 997 170 LEOMS
1024 118 1259 170 DIACONI

119 242 155 272 A.
174 239 219 271 Μ.
236 237 323 275 6473
332 232 397 272 καὶ
417 228 552 286 πρώην
572 231 613 273 ἓν
632 239 867 287 στρατηγοῖς
882 237 1025 284 τελῶν,
1053 233 1118 273 καὶ
1138 228 1258 282 αὖθις
1276 232 1515 290 ἄναρῥηθεὶς
1533 234 1734 288 Λομὲστι-

141 285 400 364 A.1¹:J{l‘364²⁰9
419 302 498 339 τῶν
518 302 692 350 σχολῶν,
729 300 818 340 τοτὲ
832 300 904 351 μὲν
923 296 1121 354 μυριάδας
1145 298 1276 348 πόλεις
1300 301 1524 353 κατέσκαψε
1543 303 1608 342 καὶ
1629 300 1734 356 δῃώ-

164 377 189 408 1.
208 377 250 408 N.
268 377 291 410 2
336 380 409 412 σας
428 363 630 419 ᾖθάλωσε,
652 365 742 406 τοτὲ
760 366 802 405 δὲ
820 365 1054 417 εὐδαίμονας
1066 363 1203 421 χώρας
1219 366 1553 421 ἠνδραποδίσατο,
1575 369 1640 408 καὶ
1656 365 1738 420 μά-

326 448 427 485 χιμα
446 430 543 483 ἔθνη
566 429 810 486 τρεψάμενος
829 432 870 471 ἐκ
889 429 1143 486 παρατάξεως
1159 430 1327 487 ὖπήγετο
1337 465 1351 484 ,
1379 434 1481 487 μηδὲ
1500 433 1737 488 ἆντοφθαλ-
1767 475 1768 483 ³

330 504 417 550 μεῖν
436 495 691 550 ἐξισχύσαντα
711 497 810 552 πρὸς
829 497 902 550 τὴν
923 496 1066 539 τούτου
1095 497 1216 552 ἀλκὴν
1234 501 1299 540 καὶ
1324 500 1396 553 τὴν
1418 498 1768 554 ἄκαταγώνιστονέ

332 564 374 605 ἓν
402 570 484 611 τοῖς
515 562 648 611 ὅπλοις
676 561 824 618 ὁρμήν·
859 563 996 606 τὰνῦν
1024 565 1087 616 δὲ,
1124 565 1196 618 τὴν
1216 570 1295 606 τῶν
1310 563 1513 618 Ῥωμαίων
1531 563 1739 619 ἧγεμονίαν

334 630 495 686 ἀνδρεία
518 629 693 687 ἀγχινοίᾳ
711 630 983 687 παρειληφὼς,
1007 632 1073 671 καὶ
1090 631 1262 686 στρατὸν
1281 633 1335 680 εἷς
1353 630 1643 685 τετταράκοντα
1659 649 1739 685 μυ-

333 694 474 751 ριάδας
493 694 786 751 ἀριθμούμενον
807 694 1065 750 ἐπαγόμενος,
1103 696 1358 752 ἀπεκρούσθη
1387 699 1458 752 τὴν
1477 698 1606 746 ἄλλως
1625 714 1739 740 σκια-

297 760 530 816 (ῑμαχήσας.
567 760 821 816 ἀπεκρούσθη
843 763 886 804 δὲ
905 762 990 816 οὐχὶ
1011 765 1267 816 Βαβυλῶνος,
1296 763 1346 818 ἢν
1363 762 1389 818 ἦ
1407 766 1625 820 Σεμίραμις
1642 763 1740 805 ἔπτὰ

333 827 555 884 περιβόλοις
583 827 789 883 ὠχύρωσεν
802 841 812 851 ·
846 827 872 881 ἢ
901 833 972 882 τῆς
988 830 1257 885 πρεσβυτέρας
1270 828 1443 884 Ῥώμης,
1480 830 1526 872 τὸ
1546 834 1626 872 τῶν
1642 829 1738 872 Ῥω·
1752 841 1768 874 1

332 897 461 948 μαίων
480 894 622 943 σθένος
642 894 762 950 ἥνπερ
783 895 992 937 ἓπολίσατο
1005 908 1015 918 ·
1049 894 1074 950 ἢ
1096 900 1175 938 τῶν
1195 901 1266 950 τῆς
1279 897 1476 945 Ἰουδαίας
1493 901 1652 950 τειχῶν,
1670 891 1742 950 ὧν

333 962 381 1003 τὸ
402 961 548 1004 ναστὸν
566 961 694 1014 ὕψος,
733 961 829 1003 ὠσὶν
849 960 1109 1014 ἄκουόμενον,
1145 967 1282 1015 μῦθος
1299 962 1425 1016 τάχα,
1463 967 1535 1016 τῆς
1551 963 1743 1017 ἀληθείας

334 1027 647 1083 γεγυμνωμένος,
684 1035 766 1076 τοῖς
795 1027 868 1080 οὖχ
896 1026 1087 1083 ἔωρακόσι
1113 1030 1240 1070 δοκεῖ·
1277 1029 1378 1070 ἀλλὰ
1407 1033 1594 1084 Ταρσοῦ,
1631 1029 1743 1071 εὔπε-

337 1092 552 1149 ριγράπτου
579 1093 749 1145 πόλεως,
786 1094 855 1149 ἐφ’
888 1093 1110 1148 ἶππηλάτου
1148 1096 1284 1136 πεδίου
1313 1096 1628 1152 συνῳκισμένης,
1648 1100 1743 1137 ’τῶν

336 1159 540 1214 ἐπηλύδων
559 1177 600 1202 τε
620 1163 684 1202 καὶ
703 1162 909 1215 ἴθαγενῶν.
955 1165 1084 1202 ταῦτα
1106 1161 1155 1215 δὴ
1174 1162 1383 1204 ἀνελίττων
1401 1164 1466 1203 καὶ
1484 1160 1768 1216 γνωματεύων1

335 1229 551 1283 δυσφορῶν
579 1227 753 1278 διετέλει,
791 1228 856 1284 καὶ
898 1226 1183 1283 ἇπαρηγόρητα
1211 1230 1454 1281 δυσθυμῶν,
1491 1229 1526 1271 εἲ
1555 1231 1740 1283 Ταρσεῖς,

333 1297 414 1335 τῶν
432 1294 654 1348 προσοίκων
671 1293 806 1342 αὐτοῖς
826 1291 939 1348 ἔργον
956 1294 1129 1346 πολέμου
1153 1294 1434 1348 γεγενημένων,
1471 1295 1537 1336 καὶ
1565 1296 1745 1335 δουλείαν

209 1369 248 1403 Ρ.
271 1372 316 1406 35
339 1361 564 1415 ἐλευθερίας
583 1359 882 1413 ἀλλαξαμένων,
909 1357 1047 1401 ὁπόσοι
1066 1360 1111 1401 τὸ
1132 1364 1202 1414 τῆς
1218 1362 1419 1416 μαχαίρας
1437 1358 1567 1414 στόμα
1586 1355 1743 1415 διέδρα,-

337 1443 435 1478 σαν,
474 1426 587 1467 αὐτοὶ
606 1424 721 1479 μόνοι
741 1429 821 1467 τῶν
837 1424 969 1466 ἄλλων
987 1426 1216 1477 ἀπέλθοιεν,
1252 1425 1382 1467 πλατύ
1399 1443 1477 1468 που
1499 1430 1572 1480 τῆς
1599 1426 1744 1468 ἐκείνου

337 1492 520 1547 ἀνδρείας
539 1490 877 1546 ε’πικαγχάζοντες,
915 1493 980 1532 καὶ
1005 1496 1077 1545 τῆς
1104 1496 1315 1546 πολεμικῆς
1341 1493 1541 1548 ἐμπειρίας
1556 1500 1768 1546 numum-‘1

335 1557 522 1611 μώμενοι.
557 1562 614 1614 τῷ
635 1575 695 1600 τοι
714 1559 779 1598 καὶ
802 1557 853 1598 τὰ
871 1558 910 1605 ἐς
930 1557 1003 1606 τὰς
1017 1557 1151 1612 μάχας
1170 1559 1262 1606 τοὺς
1278 1560 1367 1614 περὶ
1393 1557 1515 1600 αὑτὸν
1537 1557 1745 1612 διεγύμναέ

337 1626 399 1675 ζεν
429 1625 621 1678 ἀκριβῶς,
660 1626 724 1665 καὶ
757 1623 829 1677 τὴν
855 1628 926 1664 τοῦ
952 1623 1068 1672 ’ἔτους
1104 1623 1213 1679 ὥραν
1247 1619 1347 1678 ἧστο
1377 1623 1742 1678 προσεκδεχόμενος.

124 1715 160 1745 Α,
176 1713 221 1746 Μ,
238 1710 325 1746 5473
337 1686 435 1745 ἦρος
455 1692 498 1731 δὲ
517 1690 638 1738 εὐθὺς
666 1688 979 1742 διαλάμποντος,
1017 1692 1082 1731 καὶ
1103 1695 1174 1744 τῆς
1187 1695 1408 1746 χειμερινῆς
1434 1689 1672 1746 δριμύτητος
1692 1692 1747 1739 εἷς

178 1760 241 1790 1110·
263 1760 284 1790 ὃ
338 1757 502 1813 θερινὴν
519 1755 677 1810 θάλψιν
694 1757 1028 1812 μετακιρναμένης
1048 1758 1242 1806 ἐπιεικῶς,
1267 1758 1369 1798 κατὰ
1380 1757 1434 1798 -τὸ
1453 1757 1745 1811 προστεταγμέ-

423 1842 456 1874 2.
491 1838 572 1874 τότε
616 1840 688 1874 cod.
719 1839 775 1873 hic
806 1842 842 1872 et
873 1839 973 1873 insta.
1085 1836 1278 1883 μυριάδας.
1329 1839 1450 1873 Melius
1485 1838 1638 1893 uvolae,
1673 1833 1746 1877 sibe

423 1885 697 1965 ggqejvooovgh
806 1885 862 1921 20.
909 1882 1222 1931 καταμωμώμενοι.
1294 1884 1391 1920 Fort.
1433 1895 1746 1928 καταμωκωμενοι.

470 1954 479 1962 .
501 1942 613 1974 ηρους
634 1941 671 1962 co
700 1953 708 1961 .
1754 1939 1759 1946 ·

337 1997 373 2029 in
393 1996 511 2029 ducum
529 2007 683 2037 numero,
707 1997 784 2039 post
806 1995 890 2029 haec
910 1996 1118 2029 Domesticns
1145 1996 1329 2029 scholarum
1353 1996 1506 2036 creatus,
1526 1994 1624 2030 modo
1653 1995 1749 2028 innu-

339 2041 437 2073 meris
456 2042 590 2074 urbibus
609 2039 742 2081 excisis,
767 2040 919 2078 vastatis.
947 2040 1138 2081 combustis,
1158 2041 1254 2073 modo
1270 2039 1388 2083 opimis
1402 2039 1594 2082 regionibns
1611 2039 1748 2073 subiun-
1765 2056 1768 2059 ⁴

339 2084 414 2119 ctis.
438 2085 612 2118 acerrimas
628 2088 744 2128 gentes
762 2085 886 2127 praelio
900 2085 993 2117 fusas
1012 2084 1061 2117 ita
1076 2084 1267 2124 domuisset,
1291 2089 1328 2116 ut
1343 2094 1385 2116 ne
1399 2083 1523 2116 intueri
1538 2083 1672 2129 quidem
1691 2094 1747 2115 eo-

339 2139 408 2161 ram
426 2128 497 2162 eius
514 2130 614 2162 robur
632 2128 851 2172 invictamque
867 2129 903 2161 in
917 2128 1016 2161 armis
1039 2128 1106 2161 vim
1123 2133 1275 2172 possent:
1298 2138 1384 2160 nunc
1400 2137 1481 2160 vero
1493 2151 1503 2168 ,
1525 2127 1662 2171 imperio
1678 2122 1749 2159 Ro-

340 2183 433 2206 mano
450 2185 510 2216 per
525 2173 679 2206 virtutem
695 2172 928 2217 solertiamque
943 2172 1080 2216 potitus,
1096 2173 1244 2206 exercitu
1259 2172 1299 2206 ad
1317 2171 1558 2215 quadringenta
1571 2171 1749 2205 minianu-

341 2228 430 2250 mero
447 2217 591 2262 inducto,
613 2217 762 2260 repulsus
781 2221 880 2257 esset,
904 2216 1068 2251 umbratili
1094 2227 1205 2260 pugna
1222 2216 1343 2248 frustra
1358 2220 1523 2259 suscepta.
1565 2216 1606 2248 Id
1629 2227 1670 2248 ue
1684 2225 1749 2247 non

341 2272 362 2294 a
376 2262 568 2305 Babylone,
599 2272 697 2305 quam
719 2261 908 2293 Semiramis
930 2266 1055 2304 septem
1072 2260 1242 2293 moenibus
1267 2260 1498 2300 communivit3
1520 2271 1585 2293 non
1603 2271 1624 2292 a
1662 2257 1749 2291 anti—

341 2305 458 2349 quiore
474 2306 588 2342 Roma.
607 2306 776 2345 Quiritum
794 2306 895 2339 robur
911 2315 1010 2348 quam
1026 2304 1236 2344 aedificavit3
1259 2315 1325 2336 non
1343 2315 1363 2336 a
1375 2303 1520 2338 Iudaeae
1533 2303 1650 2342 muris,
1665 2313 1750 2346 quo·-

342 2361 412 2382 rum
426 2351 531 2383 solida
549 2349 700 2388 altitudo,
720 2349 855 2381 auribus
873 2354 1023 2392 accepta,
1045 2348 1158 2381 fabula
1172 2349 1316 2380 fortasse
1332 2347 1399 2379 illis
1414 2347 1472 2391 qui
1487 2359 1552 2380 non
1567 2357 1751 2390 conspexe-

343 2394 410 2427 rint
419 2394 569 2428 videtur:
592 2394 649 2426 sed
664 2404 684 2425 a
702 2393 823 2433 Tarso,
835 2399 973 2435 angusto
991 2392 1124 2435 oppido,
1141 2392 1175 2426 in
1191 2391 1364 2435 equitabili
1379 2391 1517 2434 planitie
1533 2391 1610 2432 sito,
1626 2390 1753 2424 referta

343 2438 527 2472 adventitia
542 2448 711 2480 vernaque
727 2437 834 2479 plebe.
880 2438 975 2470 Haec
992 2437 1097 2469 animo
1116 2436 1252 2469 volvens
1273 2446 1312 2468 ac
1326 2440 1486 2479 reputans
1501 2446 1602 2478 aegre
1621 2433 1753 2467 fetebat

343 2487 516 2525 perpetuo,
537 2481 768 2517 consolationis
783 2480 895 2523 inopia
912 2480 1157 2521 contabescens,
1178 2480 1207 2512 si
1224 2480 1422 2521 Tarsenses,
1445 2479 1593 2512 finitimis
1605 2478 1627 2510 i·
1642 2483 1751 2510 sorum

341 2526 427 2560 bello
446 2527 561 2565 caesis,
571 2527 678 2570 iisque
695 2525 754 2568 qui
771 2525 954 2567 gladiorum
965 2524 1070 2558 aciem
1088 2524 1287 2567 effugissent
1303 2523 1497 2556 servitutem
1514 2534 1586 2557 cum
1609 2523 1617 2530 '
1716 2524 1752 2553 te

343 2572 635 2612 commutantibus,
657 2569 724 2613 ipsi
741 2569 801 2603 soli
816 2580 857 2602 ex
874 2569 1025 2601 omnibns
1041 2568 1271 2608 elaberentur,
1294 2568 1393 2600 irrisa
1412 2567 1509 2610 plane
1527 2567 1652 2599 virtute
1666 2565 1752 2605 eius,

344 2615 526 2659 bellicaque
540 2615 675 2659 explosa
691 2612 823 2656 peritia.
848 2613 900 2645 Ita
911 2616 947 2645 et
962 2623 1045 2656 quos
1063 2611 1151 2644 circa
1162 2623 1200 2644 se
1215 2612 1362 2644 habebat
1376 2611 1420 2644 ad
1436 2610 1556 2644 bellum
1575 2608 1753 2642 exercebat

343 2658 530 2702 diligenter,
545 2664 579 2694 et
594 2662 816 2702 opportunum
833 2657 910 2690 anni
923 2662 1051 2699 tempus
1068 2655 1273 2699 praestolans
1290 2667 1365 2688 sese
1379 2654 1577 2698 continebat.
1601 2652 1752 2686 Commo-

341 2702 383 2734 de
395 2708 505 2738 autem
522 2715 582 2739 ver
600 2703 767 2744 iunxerat,
782 2701 922 2736 hiberna
938 2700 1120 2744 asperitate
1134 2699 1170 2734 in
1183 2710 1319 2734 vernum
1333 2703 1482 2743 teporem
1493 2697 1560 2731 inm
1573 2695 1753 2743 transfusa,
