1748 3094
396 207 476 250 AD
501 206 873 251 NICEPHORUM
899 206 1150 249 PHOGAM.
1386 198 1485 247 849

0 351 10 367 s
65 319 169 360 tum,
195 312 272 351 hoc
299 316 359 350 est
384 323 434 350 ex
457 312 645 351 adulterio
672 318 808 350 natum
832 310 1141 362 chronographia
1163 309 1361 359 innotuit;
1395 323 1488 363 asy-

65 380 223 431 lumque
241 379 313 417 sibi
331 380 486 430 secisse,
519 380 563 417 in
580 392 659 431 quo
679 377 792 415 alieni
811 377 909 415 aeris
929 376 1144 426 debitores,
1171 376 1376 427 fugitivos,
1404 391 1490 417 ser-

66 460 158 495 vos,
193 446 433 495 homicidas,
473 460 518 484 ac
554 459 628 498 pro
662 443 832 482 reatibus
864 443 945 481 suis
975 449 1102 482 morte
1137 442 1273 494 dignos
1309 445 1489 496 suscepit,

66 512 430 563 multitudinemque
459 512 665 563 quamdam
692 510 830 548 talium
859 508 931 547 sibi
960 509 1124 548 adscivit
1132 533 1154 558 ,·
1174 522 1272 561 quos
1298 510 1492 549 Romanos

68 579 298 631 appellavit=
325 592 374 617 ex
392 592 464 629 qua
480 578 680 616 nobilitate
700 575 901 628 propagati
911 582 1004 614 sunt
1015 576 1105 628 ipsi,
1131 589 1227 627 quos
1238 590 1309 616 vos
1317 578 1491 616 Kosmo-

68 652 258 694 cratores,
292 644 335 683 id
364 652 423 683 est
450 646 704 697 Imperatores
735 642 960 694 appellatis,
999 657 1096 693 quos
1122 657 1219 694 nos,
1247 644 1491 695 Longobardi

68 712 229 761 scilicet,
259 713 442 759 Saxones,
470 710 621 759 Franci,
651 710 895 760 Letharingi,
924 710 1111 759 Baioarii,
1140 710 1278 759 Suevi,
1305 711 1526 760 Burgun-c

70 779 207 818 diones
223 784 336 816 tanto
353 778 620 828 dedignamur,
647 783 695 814 ut
713 776 894 814 inimicos
909 782 1066 814 nostros
1086 776 1280 825 commoti,
1308 776 1368 814 nil
1385 776 1493 814 aliud

71 844 413 893 contumeliarum,
442 844 540 891 nisi,
570 844 761 891 Romane,
790 843 985 881 dicamus:
1013 842 1090 879 hoc
1111 843 1193 881 solo
1213 843 1255 880 id
1272 849 1330 881 est
1349 843 1494 881 Roma-

69 924 213 950 norum
254 911 410 949 nomine
425 940 436 959 ‚
487 909 678 961 quidquid
710 908 987 959 ignobilitatis,
1035 909 1223 961 quidquid
1259 909 1492 959 timiditatis,

71 977 263 1030 quidquid
287 977 493 1024 avaritiae,
523 975 715 1027 quidquid
732 974 933 1023 luxuriae,
963 975 1153 1027 quidquid
1178 976 1392 1025 mendacii,
1420 977 1494 1015 im-

69 1059 135 1083 mo
152 1043 341 1095 quidquid
357 1044 544 1081 vitiorum
562 1049 641 1091 est,
669 1040 1048 1092 comprehendentes.
1104 1042 1281 1081 Imbelles
1299 1056 1391 1082 vero
1407 1057 1493 1092 nos,

71 1118 110 1150 et
129 1110 330 1162 equitandi
354 1110 497 1147 inscios
525 1109 614 1160 qnia
644 1108 742 1147 dicis
764 1108 797 1145 si
818 1107 1121 1147 Christianorum
1149 1116 1309 1162 peccata
1333 1124 1492 1162 prome-

70 1184 228 1226 rentur,
256 1182 304 1214 ut
319 1176 363 1214 in
378 1176 452 1214 hac
470 1177 692 1215 austeritate
709 1174 896 1226 perdures
906 1203 918 1222 ,
951 1175 1082 1225 quales
1099 1189 1170 1214 vos
1186 1176 1278 1215 estis
1289 1206 1300 1225 ,
1330 1190 1493 1228 quamve

72 1256 267 1296 pugnaees
279 1256 352 1281 nos
372 1241 514 1291 simus,
542 1243 642 1281 bella
659 1241 838 1293 proxima
858 1241 1186 1281 demomtmbunt.
1241 1244 1399 1282 Talibus
1418 1244 1492 1282 Ni-

74 1310 267 1362 cephorus
289 1310 541 1347 exacerbatus
573 1309 710 1357 dietis,
739 1321 856 1346 manu
882 1307 1078 1345 silentium
1108 1308 1274 1356 indixit,
1299 1322 1493 1360 mensam-

74 1389 149 1428 que
158 1376 241 1414 sino
249 1375 458 1415 latitudine
477 1377 631 1426 longam
645 1373 804 1422 auferri,
837 1386 973 1423 meque
991 1374 1031 1411 in
1051 1374 1216 1413 invisam
1239 1375 1409 1423 domum,
1427 1388 1495 1414 seu

76 1449 121 1481 ut
144 1443 274 1481 verius
303 1443 444 1491 fatear,
473 1455 666 1480 carcerem
690 1440 834 1479 reverti
861 1440 1070 1492 praecepit.
1123 1441 1200 1478 Ubi
1218 1446 1306 1491 post
1331 1440 1495 1479 biduum

75 1522 164 1547 cum
182 1507 471 1558 indignatione,
497 1514 583 1545 tum
605 1513 737 1555 aestu,
767 1511 806 1543 et
834 1505 920 1553 siti,
948 1520 1086 1557 magno
1112 1521 1196 1545 sum
1220 1507 1406 1556 languore
1432 1508 1533 1549 af-l)

75 1576 224 1623 fectus,
252 1574 319 1612 sed
342 1580 381 1612 et
407 1575 640 1612 asseclarum
657 1586 835 1611 meorum
860 1586 974 1610 nemo
994 1573 1141 1622 extitit,
1171 1574 1239 1624 qui
1260 1587 1341 1611 non
1362 1573 1498 1611 eodem

76 1641 249 1679 ebriatus
270 1641 438 1691 poculo,
467 1641 569 1678 diem
598 1641 670 1678 sibi
697 1640 877 1677 ultimum
894 1639 1097 1678 imminere
1122 1640 1360 1679 formidaret.
1418 1640 1498 1678 Cur

78 1720 218 1759 quaeso
240 1719 322 1744 non
339 1712 602 1756 aegrotarent,
630 1706 771 1758 quibus
792 1711 874 1743 erat
898 1712 1016 1757 potus
1035 1720 1109 1758 pro
1134 1707 1281 1758 optimo
1299 1707 1395 1745 vino
1418 1707 1497 1744 sal-

78 1787 196 1824 sugo;
231 1787 305 1824 pro
344 1772 528 1821 culcitra,
567 1786 651 1810 non
687 1773 871 1820 foenum,
908 1785 989 1810 non
1021 1779 1211 1822 stramen,
1248 1786 1330 1811 non
1364 1773 1498 1811 saltem

76 1846 205 1889 terra,
232 1839 301 1877 sed
325 1838 470 1876 durum
494 1851 681 1888 marmor,
708 1853 782 1891 pro
815 1838 997 1878 cervicali
1020 1839 1151 1890 lapis?
1195 1840 1332 1890 quibus
1361 1840 1496 1891 patula

10 1960 14 1963 γ
78 1906 238 1954 domus,
274 1918 356 1943 non
382 1905 573 1954 calorem,
601 1919 682 1943 non
708 1906 890 1955 imbrem,
927 1918 1008 1942 non
1030 1905 1152 1955 frigus
1181 1906 1345 1946 arcebat.
1408 1907 1497 1959 Ipsa

79 1972 114 2010 si
140 1971 260 2010 vellet
286 1971 391 2009 salus
420 1971 483 2008 his
506 1972 759 2022 circumfusa,
786 1979 833 2011 ut
855 1972 973 2022 vulgo
1000 1971 1225 2021 loquimur,
1254 1985 1319 2010 eos
1344 1973 1496 2012 salvare

79 2052 160 2076 non
192 2043 333 2089 posset.
397 2037 560 2088 Proprio
590 2051 702 2089 ergo,
740 2045 855 2090 atque
882 2050 1057 2075 meorum
1090 2037 1312 2076 debilitatus
1340 2052 1494 2090 angore,

81 2110 296 2143 convocato
315 2103 365 2141 ad
384 2117 446 2141 me
464 2105 644 2154 custode,
669 2106 788 2143 immo
815 2109 1062 2157 persecutore
1081 2116 1166 2141 meo
1178 2133 1189 2152 ,
1216 2118 1298 2142 non
1316 2106 1495 2157 precibus

81 2172 222 2218 solum,
249 2170 316 2208 sed
332 2169 458 2221 pretio
475 2170 622 2208 obtinui
633 2200 644 2219 ,
672 2178 719 2209 ut
733 2172 934 2223 epistolam
949 2184 1074 2208 meam
1088 2169 1198 2208 hunc
1213 2171 1370 2209 modum
1392 2185 1486 2209 con·
1498 2183 1530 2216 Ε

81 2239 271 2275 tinentem
294 2236 503 2288 Nicephori
529 2237 641 2275 fratri
664 2237 842 2276 deferret.
898 2237 1019 2275 Leoni
1048 2237 1265 2289 Coroplati,
1302 2243 1341 2275 et
1366 2238 1495 2288 Logo-

83 2303 210 2358 thetae
231 2305 304 2343 τοῦ
328 2300 474 2355 δρόμου
497 2303 757 2355 Luitprandus
785 2304 1020 2355 Episcopus.
1071 2303 1114 2341 Si
1140 2304 1353 2355 Imperator
1381 2305 1495 2341 Sere-

82 2370 265 2408 nissimus
290 2369 539 2419 petitionem,
566 2370 616 2407 ob
638 2385 755 2421 quam
772 2371 877 2419 veni,
900 2369 1087 2422 perficere
1113 2370 1279 2421 cogitat,
1306 2382 1388 2407 non
1406 2369 1496 2406 fati-

84 2443 176 2487 gant
202 2448 284 2483 me,
313 2448 406 2485 quas
433 2434 499 2472 hic
524 2436 717 2487 sustineo,
746 2438 967 2490 passiones:
997 2436 1120 2475 literis
1139 2435 1381 2475 solummodo
1401 2433 1495 2471 meis

84 2509 125 2541 et
149 2501 315 2549 nuncio,
342 2505 389 2537 ut
412 2499 626 2540 instruatur
652 2504 837 2542 Dominus
867 2516 995 2552 meus,
1023 2515 1086 2540 me
1113 2502 1180 2540 hic
1204 2514 1351 2539 moram
1377 2499 1423 2535 ab
1452 2511 1497 2536 re

84 2581 166 2605 non
184 2567 320 2605 facere.
379 2566 493 2612 Quod
515 2567 549 2604 si
576 2581 685 2607 secus
713 2583 775 2608 res
796 2583 877 2608 sese
892 2569 1028 2617 habet,
1056 2569 1167 2608 navis
1189 2575 1228 2606 et
1248 2567 1314 2604 hic
1334 2564 1498 2604 Veneti-

87 2646 242 2681 corum,
272 2632 521 2682 onerariaque
547 2635 744 2683 proficisci
773 2636 952 2682 festinat,
978 2633 1082 2672 hanc
1109 2646 1170 2671 me
1201 2637 1397 2682 aegrotum
1426 2630 1497 2667 in-

86 2698 194 2748 gredi
221 2698 342 2746 sinat,
370 2704 415 2736 ut
434 2698 468 2736 si
494 2698 756 2739 dissolutionis
779 2715 885 2739 meae
912 2708 1063 2752 tempus
1084 2698 1303 2746 advenerit,
1333 2696 1495 2735 cadaver
1518 2706 1590 2741 001.
1613 2709 1634 2741 2

86 2776 213 2802 meum
239 2765 402 2814 genitale
426 2764 561 2803 saltem
589 2765 715 2804 solum
738 2766 934 2818 suscipiat.
1001 2766 1106 2814 Quas
1133 2776 1223 2802 cum
1245 2763 1416 2813 legisset,
1453 2775 1495 2800 se
