1754 2996
418 152 480 196 IN
508 150 715 197 LEONIS
741 151 984 196 DIACONI
1010 152 1112 195 LIB.
1138 151 1193 196 X.
1430 144 1531 194 493

55 283 57 287 «
71 256 158 297 -hae
171 255 388 297 rebellione
402 256 554 296 Bardae
570 255 708 305 Scleri‚
728 267 829 307 quae
844 256 926 295 sere
942 255 991 295 ab
1009 255 1123 295 obitu
1141 254 1357 295 Tzimiscae
1376 269 1415 298 a.
1434 259 1530 300 976.

81 313 136 352 ad
156 327 192 354 s.
212 315 310 357 981.
327 313 557 366 perduravit
579 312 676 366 (quo
692 325 796 350 anno
814 311 1166 364 incipiunt'Basilii
1184 313 1285 364 Imp.
1309 313 1532 365 expeditio-

8 380 10 382 ’
72 382 152 408 -nes
173 375 311 408 eontra
330 368 554 421 Bfflgaros),
582 370 674 408 vide
697 368 862 408 Cedren.
883 368 934 408 11.
953 372 1047 412 692.
1068 369 1114 407 D.
1134 368 1226 420 Pagi
1241 369 1337 407 Crit.
1356 370 1408 408 ad
1424 369 1530 410 Anu.

78 425 224 466 Barou-
257 425 326 468 lv.
352 428 421 469 38.
440 427 488 465 A.
516 432 557 465 et
581 426 651 470 45.
669 426 718 469 A.
745 425 800 463 Le
818 425 925 463 Beau
952 426 1137 463 Histoe-e
1164 424 1224 463 du
1254 427 1348 463 Bas
1366 447 1392 456 -
1410 427 1529 477 Emp.

71 481 307 589 {VI-laq-
328 482 419 581 1A⁷·L
448 537 520 578 lin.
548 538 591 580 3.
619 532 800 590 η’πείγετο
830 533 931 577 κατά
962 538 1043 577 τῶν
1066 536 1253 588 Μυσῶν]
1279 537 1337 576 De
1370 537 1530 576 infelice

76 592 158 632 hac
183 593 435 646 expeditione
457 592 594 632 Basilii
624 599 762 632 contra
781 594 973 645 Bulgaros
1005 606 1039 631 a.
1059 595 1154 637 981.
1173 599 1355 646 suscepta
1378 594 1429 634 cf.
1451 594 1529 633 Ce-

79 649 309 745 Μὲιιᾰῗ
311 649 491 749 914512813.
518 706 572 761 ‘ff
588 704 838 760 κακοπραγίᾳ
849 708 929 746 τῶν
946 704 1188 759 στρατηγῶν]
1216 704 1342 744 Habet
1353 718 1437 745 vox
1454 721 1527 746 κα·

74 761 272 815 moerin
296 761 403 814 apud
422 762 594 799 Graecos
609 761 911 812 significationes
929 768 1032 811 tres,
1062 775 1159 814 quas
1177 774 1267 800 cum
1286 774 1414 814 neque
1431 762 1525 800 Sui-
1545 760 1587 796 P.
1607 761 1677 797 252

77 829 191 858 cerus
206 830 333 869 neque
351 817 456 857 ullus
474 817 586 865 alius,
616 818 724 868 quod
743 818 877 867 sciam,
907 818 1146 868 distinxerit,
1166 817 1232 856 hic
1250 818 1369 870 paulo
1388 818 1528 870 copio-

0 890 2 892 ’
76 873 160 912 sius
178 874 397 926 expediam.
452 873 582 912 Prima
595 902 606 922 ,
636 874 686 913 de
705 886 783 925 qua
800 874 884 912 sola
901 874 1031 913 adhuc
1048 873 1332 927 Lexicographi
1351 880 1527 926 egerunt,

78 935 151 978 est,
177 932 352 977 miseria,
374 942 438 967 res
454 929 658 979 adversae,
687 943 766 981 quo
782 943 898 969 sensu
914 931 1009 969 boni
1026 931 1237 983 scriptores
1249 930 1370 969 multi
1385 944 1527 978 vocem

75 992 396 1039 usurpaveruntz
417 985 605 1037 Iosephus
625 987 755 1038 Antiq.
776 986 865 1026 Iud.
884 987 951 1030 43.
973 988 1015 1025 C.
1036 988 1104 1030 54.
1122 987 1168 1025 A.
1189 989 1282 1029 103.
1299 987 1341 1026 C.
1368 989 1460 1030 112.
1481 988 1524 1025 C.

71 1041 173 1085 460.
206 1042 250 1080 F.
286 1042 343 1081 De
371 1042 478 1081 bello
502 1042 588 1080 lud.
623 1044 718 1085 743.
740 1043 784 1080 D.
810 1045 905 1085 847.
927 1044 968 1081 C.
994 1044 1088 1086 856.
1112 1044 1159 1083 D.
1177 1044 1271 1086 858.
1294 1042 1339 1080 D.
1360 1045 1454 1086 975.
1481 1043 1525 1081 C.

75 1096 315 1136 Plutarchus
349 1098 543 1137 Coriolan.
571 1100 667 1141 230.
696 1099 740 1137 E.
762 1099 953 1150 Lysandr.
975 1101 1069 1142 434.
1089 1100 1134 1137 D.
1153 1099 1345 1137 Demetrio
1363 1099 1456 1141 914.
1479 1099 1525 1137 Β.

73 1153 126 1194 Μ.
138 1154 282 1195 Anton.
295 1157 390 1198 923.
401 1155 446 1194 Β.
458 1154 648 1192 Eusebius
660 1155 842 1206 Praepar.
852 1156 997 1206 Evang.
1007 1157 1103 1197 386.
1116 1156 1160 1193 Ι).
1175 1154 1356 1193 Philistus
1366 1156 1472 1207 apud
1482 1156 1523 1192 S.

72 1210 265 1249 Clement.
277 1210 391 1250 Alex.
404 1212 548 1250 Strom.
569 1214 663 1253 260.
677 1211 1224 1249 D.·Artemid0rus4‘›nirocrit.
1240 1211 1334 1254 234.
1346 1210 1388 1251 C.
1401 1212 1440 1249 S.
1452 1211 1524 1249 Ba.-

74 1266 318 1319 siliusEpist.
338 1279 483 1307 cenvn.
504 1267 554 1304 ad
574 1266 784 1305 Eusebium
796 1268 1031 1305 Samosaten.
1046 1267 1093 1306 Π.
1106 1269 1223 1310 1028.
1244 1268 1282 1304 S.
1313 1267 1523 1317 Gregorius

70 1322 238 1374 Eyssen.
251 1322 360 1361 Orat.
371 1330 508 1361 contra
524 1323 756 1361 fornicarios
771 1323 839 1362 111.
857 1327 950 1366 262.
963 1324 1013 1363 A.
1031 1324 1070 1363 S.
1087 1323 1251 1361 Ioannes
1261 1321 1399 1373 Chrys.
1411 1323 1521 1361 Orat.

71 1391 173 1416 xxx.
198 1378 248 1417 de
289 1379 515 1417 ascensione
541 1378 700 1416 Domini
727 1379 810 1420 vn.
838 1380 934 1422 331.
958 1383 1026 1423 27.
1057 1380 1096 1417 S.
1125 1379 1300 1417 Isidorus
1325 1378 1523 1417 Pelusiota

71 1434 142 1472 lib.
174 1433 221 1473 V.
249 1435 372 1487 Epist.
401 1448 514 1473 mx.
548 1439 610 1478 19.
642 1435 686 1473 C.
714 1442 774 1484 et,
804 1435 931 1486 quiin
952 1435 1091 1487 primis
1110 1448 1154 1473 ea
1174 1448 1272 1474 voce
1289 1434 1521 1482 delectatur,

69 1490 185 1531 Philo
204 1490 262 1529 De
284 1490 494 1541 Cherubim
516 1493 583 1533 87.
599 1491 642 1528 F.
668 1491 717 1529 G.
752 1492 806 1529 De
832 1491 1035 1530 sacrificiis
1063 1491 1196 1530 Abelis
1224 1498 1264 1530 et
1289 1491 1401 1528 Caini
1427 1494 1521 1534 116.

71 1545 117 1586 F.
175 1547 296 1594 Quod
322 1547 494 1587 deterius
511 1547 659 1599 potiori
680 1547 859 1586 insidiari
877 1548 1001 1586 soleat
1021 1549 1112 1591 140.
1130 1548 1177 1586 G.
1205 1548 1263 1586 De
1279 1547 1521 1598 agricultura

70 1602 168 1645 154.
182 1603 228 1640 Ε.
250 1605 341 1645 163.
360 1604 402 1642 Β.
431 1604 549 1651 Quod
569 1604 670 1641 Deus
687 1605 740 1641 sit
758 1604 1013 1642 immutabilis
1033 1605 1127 1648 234.
1148 1605 1192 1644 E.
1211 1604 1266 1642 De
1291 1604 1558 1643 coufusioneB

70 1657 296 1708 linguarum
314 1659 410 1701 251.
440 1660 488 1697 D.
516 1660 572 1697 De
598 1659 819 1698 Abrahamo
838 1662 934 1702 281.
950 1661 994 1698 E.
1021 1662 1115 1703 300.
1142 1660 1189 1698 G.
1210 1660 1265 1698 De
1287 1659 1522 1710 migratione

70 1713 281 1752 Abrahami
306 1717 402 1757 327.
422 1715 465 1755 Β.
491 1716 545 1753 De
566 1729 776 1766 congressu
796 1717 1037 1767 quaerendae
1054 1716 1287 1754 eruditionis
1305 1722 1403 1767 grat.
1423 1718 1520 1758 333.

74 1770 122 1808 G.
139 1770 196 1808 De
210 1770 363 1822 loseph.
383 1771 480 1814 425.
502 1771 548 1809 G.
569 1772 663 1813 431.
682 1773 724 1811 Ε.
755 1773 851 1814 434.
870 1773 915 1812 F.
936 1773 990 1809 De
1007 1772 1167 1810 somniis
1184 1773 1278 1815 450.
1300 1773 1346 1809 G.
1364 1771 1421 1810 De
1436 1772 1520 1811 vita

70 1825 174 1866 Mos.
202 1827 298 1869 524.
328 1825 379 1866 D.
402 1827 459 1865 De
491 1828 686 1865 creatione
713 1828 903 1880 principis
934 1830 1026 1871 563.
1058 1829 1105 1870 G.
1130 1829 1185 1866 De
1214 1828 1400 1879 decalogo
1423 1828 1518 1870 579.

70 1882 119 1920 A.
151 1882 207 1920 De
237 1882 473 1933 specialibus
499 1883 595 1933 legg.
614 1887 707 1926 619.
724 1885 768 1923 Β.
798 1885 852 1922 De
877 1885 1055 1922 mercede
1075 1884 1289 1923 meretricis
1313 1898 1395 1923 non
1414 1884 1519 1922 acci-

66 1937 212 1990 pienda
226 1941 319 1981 668.
342 1939 383 1976 C.
409 1940 463 1977 De
490 1940 674 1990 praemiis
695 1946 732 1977 et
752 1953 866 1991 poen.
887 1941 982 1982 714.
1002 1941 1047 1978 A.
1078 1942 1134 1978 De
1154 1940 1402 1979 execratione
1419 1942 1516 1984 723.

66 1995 114 2032 D.
136 1994 229 2037 725-
251 1995 298 2033 G.
321 1995 366 2032 In
386 1995 515 2033 Flacc.
538 1999 631 2038 750.
652 1996 695 2033 F.
719 2000 812 2038 760.
839 1997 882 2036 C.
905 1999 1002 2039 763.
1020 1997 1068 2035 D.
1088 1998 1183 2040 765.
1204 1998 1246 2037 C.
1269 1997 1319 2037 G.
1351 2000 1446 2040 767.
1468 1999 1517 2036 A.

66 2049 203 2088 Altera
221 2050 506 2101 significatione
527 2053 631 2102 apud
642 2051 853 2103 scriptores
866 2052 1107 2091 Christianos
1119 2060 1189 2092 aut
1207 2054 1389 2092 Iudaeos:
1407 2055 1516 2092 actio

66 2105 407 2156 reprehendenda,
431 2115 666 2159 peccatum,
693 2109 812 2158 idque
831 2109 950 2146 modo
976 2110 1230 2160 generaliter,
1255 2109 1364 2161 quod
1391 2110 1516 2160 aiunt,

66 2162 187 2200 modo
218 2164 431 2214 speciatim.
498 2163 690 2216 Iosephus
717 2166 849 2216 Antiq.
878 2165 965 2203 Iud.
999 2166 1063 2208 14.
1088 2166 1135 2205 A.
1166 2166 1230 2207 ἐπὶ
1256 2162 1516 2220 λανθανούσῃ

67 2220 327 2274 κακοπραγίᾳ.
366 2221 403 2260 S.
442 2219 619 2258 Clemens
652 2221 843 2259 Alexand.
870 2223 1011 2259 Strom.
1036 2225 1132 2265 738.
1153 2222 1198 2263 A.
1221 2225 1331 2263 πᾶσα
1349 2221 1421 2274 μὲν
1441 2217 1517 2262 οὖν

67 2272 100 2325 η’
115 2270 182 2313 διὰ
205 2277 280 2314 τοῦ
303 2272 566 2328 ἐπιστήμονος
583 2278 737 2328 πρᾶξις,
760 2274 973 2331 εὐπραγία·
998 2276 1031 2330 η’
1051 2276 1094 2318 δὲ
1112 2277 1179 2319 διὰ
1199 2283 1274 2320 τοῦ
1294 2275 1515 2329 ἀνεπιστή-

10 2362 11 2365 ,
66 2344 203 2381 μονος,
229 2333 487 2385 κακοπραγία.
534 2335 573 2372 S.
593 2333 826 2384 Gregentius
844 2333 1079 2385 'I'ephrensis
1101 2335 1295 2388 Disputat.
1311 2348 1401 2372 cum
1418 2333 1517 2371 Her-

65 2385 169 2423 bflno
192 2386 332 2424 Iudaeo
356 2388 447 2430 124.
467 2389 511 2426 A.
535 2388 561 2429 o‘
576 2392 673 2437 νοῦς
691 2390 757 2430 καὶ
778 2388 808 2441 ἦ
830 2391 972 2443 καρδία
991 2390 1160 2443 [nempe‚
1189 2389 1516 2442 corrumpuntur]

14 2471 29 2480 ,γ
65 2438 149 2482 ὑπὸ
170 2438 383 2494 ἀλλοτρίων
411 2449 705 2499 κακαπραγιῶν.
762 2447 959 2485 Palladius
980 2447 1069 2485 Vita
1093 2451 1131 2486 S.
1156 2449 1292 2487 Ioann.
1314 2446 1514 2496 Chrysost.

4 2511 6 2514 ’
63 2497 132 2540 59.
155 2497 202 2537 Β.
226 2494 459 2547 οἷναδιὸἇξαι
482 2498 553 2548 τοὶς
569 2498 695 2541 αὐτοῦ
711 2504 990 2556 κακοπραγίας.
1047 2504 1260 2555 Speciatim
1284 2502 1443 2539 videtur
1462 2501 1513 2538 si-

6 2571 13 2574 ·
62 2552 249 2602 gnificare
258 2562 469 2606 peccatum
488 2558 669 2607 interius,
687 2558 765 2597 hoc
782 2566 854 2608 est,
872 2573 1035 2611 pravam
1054 2560 1317 2611 operationem
1330 2558 1371 2594 in
1380 2562 1550 2603 mentec

61 2615 211 2651 nostra.
265 2611 324 2647 Ita
355 2612 393 2648 S.
420 2612 576 2650 Marcus
605 2615 774 2653 Eremita
800 2616 857 2653 De
883 2616 1080 2667 baptismo
1098 2616 1128 2653 I.
1144 2617 1239 2657 921.
1259 2614 1300 2652 C.
1318 2612 1405 2650 fieri
1424 2625 1509 2650 non

60 2675 179 2714 posse
210 2666 368 2716 scribit,
398 2674 446 2705 ut
473 2666 582 2716 ἐκτός
598 2669 788 2724 ἡμετέρας
816 2673 1083 2724 κακοπραγίας
1103 2670 1259 2722 prolixe
1282 2668 1513 2706 confabule-

0 2730 11 2753 5.
60 2731 154 2758 mur
180 2734 270 2759 cum
294 2736 361 2772 eo,
391 2737 504 2774 quem
526 2738 575 2761 ex
592 2725 731 2765 intimo
759 2729 876 2766 corde
895 2728 1103 2765 oderimus.
1160 2725 1335 2762 Sumitur
1350 2737 1510 2776 quoque

58 2787 136 2826 pro
166 2790 379 2830 corporum
407 2781 750 2821 commixtiom‘bus
779 2783 923 2822 vetitis.
980 2784 1018 2819 S.
1040 2779 1287 2833 Epiphanius
1305 2780 1508 2820 Adversus
