1748 3094
387 192 467 236 AD
491 191 864 237 NICEPHORUM
889 190 1145 243 PHOCAM.
1386 186 1483 234 361

13 344 16 345 ⁷
69 298 163 337 otto
197 296 243 335 iu
268 295 380 335 nullo
414 295 609 347 dispares,
646 302 821 347 tempore
852 295 1039 334 distantes
1063 300 1237 343 tantum,
1266 294 1387 333 simu}
1407 294 1488 334 hoc

67 363 261 418 praesenti
276 369 449 415 tempore
465 362 782 401 exterminabunt
800 375 1006 412 onagrum,
1033 362 1076 401 id
1093 368 1152 401 est
1166 362 1381 400 silvestrem
1406 362 1487 400 asi-

66 443 164 469 num
180 429 465 482 Nicephorum:
493 429 563 480 qui
580 442 662 467 non
675 429 891 479 incongrue
909 428 1076 468 silvestri
1095 429 1203 466 asino
1228 434 1487 480 comparatur,

68 496 119 536 ob
140 509 280 535 vanam
304 502 346 535 et
374 496 532 534 inanem
558 495 740 546 gloriam,
773 496 1041 546 incestumque
1073 494 1258 534 Dominae
1289 500 1328 532 et
1367 495 1487 533 Com-

65 563 200 602 matria
230 574 323 602 me
352 562 587 612 coniugium.
641 563 682 600 Si
709 576 852 613 onager
878 563 950 601 iste
972 575 1079 600 nunc
1103 575 1127 599 a
1152 561 1263 599 leone
1290 567 1329 599 et
1355 562 1523 600 mtuloE

67 636 204 669 nostro
231 630 398 676 ottone,
423 635 464 667 et
487 629 654 678 ottone,
682 636 792 681 patre
813 630 983 678 scilicet,
1013 635 1051 667 et
1076 627 1159 666 filio
1167 658 1181 677 ,
1206 627 1385 678 Augusti·
1405 629 1488 667 Ro-

66 709 269 735 manorum
285 695 588 748 Imperator-ibus
603 696 879 734 exterminatus
895 709 975 734 non
997 695 1134 743 fuerit,
1161 707 1236 733 nee
1254 694 1362 745 quod
1384 694 1488 747 Hip-

65 763 227 814 polytus
251 762 409 814 eci-ipsit
430 775 566 800 verum
584 763 680 802 erit:
707 765 944 802 Graecorum
973 763 1076 801 enim
1100 762 1171 799 illa
1191 761 1369 812 superior
1388 761 1491 799 abii-

0 847 1 852 =
65 828 201 867 cienda
219 828 490 881 interpretatio
507 835 578 867 est.
634 830 730 879 Sed,
760 844 784 868 o
804 831 893 869 lesu
912 831 1035 878 bone,
1068 830 1171 867 Deus
1188 833 1363 877 aeterne,
1389 828 1487 867 Ver-

64 895 161 933 bum
183 895 308 934 Patri·
321 925 334 945 ,
358 894 429 946 qui
447 895 560 933 nobis
580 896 750 947 indignis
776 897 947 948 loqueris
972 909 1054 934 non
1083 908 1205 943 voce,
1231 894 1301 932 sed
1318 894 1493 945 inspira-

63 961 194 1006 tione,
221 962 372 1000 nullam
392 962 505 999 aliam
519 961 890 1014 interpretationem,
915 976 1028 1014 quam
1043 975 1168 1000 meam
1185 961 1228 998 in
1245 960 1320 999 hac
1332 967 1490 1000 senten-

63 1026 120 1064 tia
135 1027 248 1067 velis.
301 1027 395 1066 Iube
419 1033 466 1066 ut
482 1028 543 1066 leo
573 1034 612 1066 et
639 1030 793 1067 catulus
821 1029 889 1067 isti
913 1028 1021 1067 hunc
1044 1027 1326 1077 exterminent,
1352 1034 1391 1066 et
1408 1027 1490 1066 hu-

62 1093 217 1132 milient
242 1107 429 1144 onagrum
453 1088 639 1146 corpore,
668 1102 857 1146 quatenus
880 1095 923 1132 in
952 1108 993 1133 se
1015 1107 1215 1143 reversus,
1240 1094 1485 1145 dominisque
1507 1097 1584 1132 Col.
1607 1099 1631 1133 2

64 1158 148 1197 suis
178 1159 323 1198 Basilio
351 1166 391 1199 et
420 1160 674 1199 Constantino
701 1160 1003 1213 Imperatoribus
1028 1160 1228 1210 subditus,
1255 1161 1298 1199 in
1322 1161 1385 1199 die
1406 1162 1487 1199 Do-

62 1223 161 1262 mini
185 1225 349 1277 spiritus
375 1227 430 1265 sit
456 1228 599 1267 salvan.
655 1227 731 1265 Sed
754 1226 1079 1267 Astronomihoc
1108 1226 1211 1264 idem
1238 1227 1287 1265 de
1307 1228 1419 1267 vobis
1446 1234 1486 1267 et

61 1290 282 1343 Nicephoro
301 1294 598 1345 praenunciant.
641 1294 729 1343 Res,
752 1294 919 1344 inquam,
938 1294 1047 1333 mira.
1095 1293 1192 1330 Cum
1214 1294 1382 1345 quodam
1399 1308 1485 1332 sum

61 1356 218 1395 loeutus
232 1358 466 1398 Anu-onoma
477 1389 489 1409 ,
518 1361 586 1411 qui
599 1367 794 1409 vestram,
822 1359 975 1398 Domini
994 1358 1070 1396 mei
1086 1358 1271 1409 Augusti,
1299 1360 1485 1411 aequivo-

63 1423 176 1474 cique
192 1424 314 1463 ventri
339 1426 500 1476 Augusti
526 1427 710 1476 sormam,
738 1439 883 1475 mores,
915 1432 959 1464 nt
979 1431 1092 1473 sunt,
1118 1439 1211 1464 vere
1234 1425 1355 1475 dixin
1386 1439 1485 1465 cun-

63 1495 203 1541 ctaque
241 1504 328 1530 meo
357 1493 567 1545 praeterita
603 1492 714 1544 quasi
749 1492 967 1545 praesentia
998 1492 1114 1530 dixit.
1176 1493 1259 1530 Nec
1284 1492 1486 1544 praeteriit

62 1555 267 1606 quisquam
285 1559 516 1610 amicorum,
547 1561 613 1598 vel
631 1560 899 1610 inimicorum,
927 1558 975 1596 de
994 1557 1135 1609 quibus
1151 1571 1258 1596 mens
1278 1559 1374 1597 mihi
1389 1572 1484 1609 sug-

60 1624 181 1674 gessit
204 1631 252 1664 ut
278 1625 576 1676 interrogarem,
606 1626 716 1664 cuius
744 1626 941 1674 habitum,
969 1625 1134 1662 sormam
1164 1632 1201 1663 et
1238 1639 1363 1664 mores
1401 1639 1483 1663 non

62 1689 217 1729 diceret.
271 1691 475 1742 Quidquid
489 1693 717 1731 calamitatis
740 1692 838 1730 mihi
856 1691 932 1729 hoc
951 1691 994 1728 in
1018 1691 1157 1729 itinere
1180 1692 1344 1743 accidit,
1372 1693 1481 1730 sutu-

59 1769 149 1795 rum
182 1769 263 1795 esse
295 1757 500 1808 praedixit.
568 1759 626 1796 Sit
660 1759 905 1797 mendacium
940 1760 1054 1796 omen
1090 1756 1166 1807 ³¹),
1214 1758 1320 1808 quod
1355 1758 1519 1807 dixi2313

60 1835 203 1868 unum,
230 1836 393 1874 quaeso,
429 1824 673 1862 solummodo
715 1825 766 1862 sit
793 1837 950 1872 verum,
980 1823 1087 1873 quod
1111 1836 1183 1862 vos
1204 1837 1285 1862 esse
1310 1826 1485 1863 factm-0³

60 1888 282 1940 Nicephoro
298 1889 506 1940 praedixit,
534 1890 603 1927 fiat
620 1890 781 1938 utinam,
809 1889 959 1927 utinam
977 1889 1057 1936 fiat,
1086 1896 1124 1927 et
1142 1896 1224 1928 tum
1242 1891 1300 1928 nil
1315 1905 1376 1930 me
1392 1892 1483 1930 mali

60 1968 219 2007 passum
237 1968 319 1993 esse
337 1955 560 2005 intelligam.
589 1955 730 1993 Scribit
746 1955 858 1992 etiam
877 1957 1074 2006 praefatus
1090 1957 1341 2009 Hippolytus,
1359 1958 1482 1997 Grae-

62 2034 130 2060 cos
152 2035 235 2060 non
250 2022 387 2060 debere
406 2023 637 2071 Saracenos,
666 2021 733 2060 sed
758 2022 925 2059 Francos
957 2029 1172 2063 conterere:
1207 2037 1284 2075 qua
1314 2026 1482 2063 lectione

60 2088 242 2126 Saraceni
265 2088 444 2136 animati,
473 2095 561 2126 ante
584 2088 797 2126 triennium
825 2101 914 2126 cum
938 2089 1114 2127 Manuele
1143 2091 1335 2141 Patricio,
1362 2093 1481 2131 Nice-

59 2152 177 2204 phori
193 2161 352 2205 nepote,
378 2155 492 2192 iuxta
522 2155 691 2206 Scyllam
717 2160 756 2191 et
784 2153 1020 2206 Charybdim
1039 2156 1081 2192 in
1100 2157 1198 2196 mari
1215 2158 1366 2207 Siculo,
1394 2159 1481 2196 bel-

60 2219 143 2256 lum
163 2226 325 2270 parant3
355 2221 468 2259 cuius
494 2222 699 2259 immensas
727 2220 859 2271 copias
887 2236 978 2260 cum
1005 2223 1323 2274 prostravissent,
1350 2225 1480 2277 ipsum

61 2285 455 2335 comprehenderunt,
494 2288 698 2339 capiteque
730 2294 916 2326 truncum
938 2285 996 2340 32)
1033 2290 1332 2341 suspenderunt:
1368 2292 1478 2329 cuius

59 2349 209 2387 socium
228 2356 267 2388 et
282 2353 583 2391 commilitonem
602 2367 693 2391 cum
710 2360 913 2405 caperent,
942 2356 1011 2406 qui
1025 2358 1201 2396 neutrius
1218 2364 1300 2396 erat
1318 2358 1478 2408 generis,

61 2415 239 2453 occidere
264 2423 359 2455 sunt
386 2418 604 2469 dedignati,
633 2419 702 2458 sed
728 2420 905 2458 vinctum
932 2436 979 2460 ac
1007 2424 1123 2474 longa
1152 2424 1327 2462 custodia
1353 2435 1481 2460 mace-

58 2487 189 2520 ratum
212 2482 311 2520 tanti
331 2484 611 2531 vendiderunt,
640 2486 774 2536 quanti
799 2499 873 2523 nec
900 2488 1027 2526 ullum
1043 2489 1267 2528 huiusmodi
1294 2489 1515 2529 mortale-sc

60 2548 144 2584 sani
171 2548 309 2600 capitis
335 2555 513 2587 emerent.
567 2551 647 2589 Nec
673 2552 883 2590 infirmiori
910 2554 1064 2604 animo,
1100 2556 1231 2594 eadem
1261 2553 1480 2592 confirmati

59 2613 238 2663 lectione,
264 2614 372 2653 haud
387 2616 513 2654 multo
527 2624 618 2668 post
635 2618 817 2669 Magistro
834 2620 1106 2660 Exarchontae
1124 2626 1347 2668 occurrunt,
1365 2632 1479 2669 quem

103 2743 167 2785 31)
189 2742 283 2778 Fort-
304 2755 411 2780 me.
440 2745 541 2780 Gan.
631 2747 695 2791 32)
716 2748 809 2783 Fon.
831 2753 1032 2785 truncatum.
1062 2749 1168 2783 Mur.
