1768 3034
365 140 464 189 276
744 145 1057 192 THEonosn
1075 111 1357 190 'ACRoAsls
1386 148 1436 191 Π.

496 255 571 312 τὴν
589 253 744 313 τάφρον
765 254 877 303 εἲδὼς
896 251 917 295 ὅ
937 251 1159 309 στρατηγὸς
1175 255 1248 306 τῆς
1264 249 1397 308 μάχης

497 324 698 380 κρημνοὺς
714 322 881 376 ἔχουσαν
899 321 964 361 καὶ
985 317 1259 376 φαραγγώδεις
1275 317 1422 369 τόπους

495 395 631 444 βαλεῖν
649 389 795 444 πέτρας
812 387 922 436 ἔταξε
930 418 944 439 ,
981 388 1046 427 καὶ
1062 390 1137 441 γῆν
1146 417 1161 438 ,
1198 387 1263 427 καὶ
1279 384 1411 439 ξύλον,

497 455 757 511 ὁδοιπορῆσαι
776 454 849 503 τὰς
866 450 1043 507 χελώνας
1063 451 1244 501 εὗκόλως.
1711 460 1758 497 4ο

497 525 578 565 ἐκεῖ
591 523 638 564 τὸ
659 526 819 576 πλῆθος
837 519 911 575 εἶχε
930 524 1011 562 τῶν
1027 517 1344 576 προσταγμάτων

497 589 610 645 ἴργον
628 589 675 631 τὸ
697 588 860 642 λεχθέν
895 587 998 628 ἀλλὰ
1017 591 1097 628 τῶν
1117 588 1303 629 ἐναντίων

494 658 595 712 νέφη
616 662 803 711 παρεῖχον
825 655 868 696 αἶ
884 655 1004 708 βολαὶ
1022 653 1267 708 τεταγμέναι.

496 724 575 780 ἀὴρ
595 721 771 777 λάλησον
781 753 795 773 ,
829 718 1045 776 μαρτύρει,
1081 720 1139 773 μὴ
1162 717 1367 775 διστάσῃς,
1767 777 1768 780 ¹

494 795 567 833 τοῦ
587 794 662 831 σοῦ
676 793 845 843 χιτῶνος
864 787 937 841 τὴν
951 784 1206 842 ὗφανθεῖσαν
1223 785 1382 842 κρόκην,
1710 782 1768 849 45ἱ

493 858 536 899 ἓν
556 852 582 912 ᾗ
601 857 827 903 στολισθεὶς
844 853 1133 901 ἅντανέκλασας
1149 851 1308 906 βλάβην
1766 853 1768 864 “

493 922 538 966 ἐκ
553 928 633 965 τῶν
651 920 809 976 ἀδήλων
827 924 1046 976 συμφορῶν
1060 917 1308 975 ὑφασμένην,

491 989 550 1032 δι’
570 985 618 1044 ’ἧς
634 989 794 1030 ἔπιπτον
811 991 892 1028 τῶν
907 985 1102 1034 ἐπάλξεων
1117 983 1227 1027 κάτω

437 1078 441 1082 ·
493 1058 533 1099 οἳ
550 1057 622 1110 τὴν
642 1055 769 1112 ὀφρὺν
789 1053 942 1107 ἔχοντες
960 1051 1134 1107 ἅρπαγες
1149 1050 1272 1100 κύνες.

493 1124 573 1164 ἐπεὶ
593 1124 636 1164 δὲ
654 1121 791 1163 λοιπὸν
809 1119 967 1175 ἡμερῶν
986 1118 1090 1160 ὃκτιὺ
1107 1118 1223 1174 μέχρι
1706 1133 1752 1166 50

493 1189 514 1232 ὅ
536 1194 608 1243 τῆς
622 1186 832 1244 χαράδρας
849 1186 1002 1242 ὄμβρος
1021 1185 1093 1227 οὗκ
1112 1183 1321 1240 ἀνεστάλη,

493 1256 588 1297 ἀλλ’
614 1254 687 1309 εἶχε
707 1255 828 1310 κηρὸν
847 1251 872 1308 ἦ
896 1253 1077 1309 φαρέτρα
1098 1253 1163 1293 καὶ
1180 1252 1310 1306 βέλος,

494 1323 628 1378 κριοὺς
648 1323 774 1378 ἀφῆκε
793 1322 858 1362 καὶ
870 1321 1083 1374 χελωνιόυς
1100 1319 1252 1372 τέχνας,

492 1392 559 1432 καὶ
578 1387 881 1444 πετροπόμπους
899 1384 1139 1441 σφενδόνας,
1176 1387 1241 1426 καὶ
1261 1383 1466 1433 συνθέσεις

491 1456 621 1505 δεινὰς
639 1455 732 1496 κατ’
755 1454 886 1495 αὐτῶν
904 1450 1103 1505 κλιμάκων
1119 1452 1353 1494 ἀσυνδέτων.
1705 1462 1749 1496 55

489 1522 546 1571 ὥς
568 1518 637 1564 οὖν
654 1522 808 1563 ἐκείνων
828 1520 901 1568 τὰς
919 1519 1008 1567 νέας
1024 1519 1216 1574 τιμωρίας

489 1591 527 1631 οἳ
549 1586 851 1642 καστρανοῗκται
872 1586 932 1640 μὴ’
952 1585 1136 1641 φέροντες
1157 1582 1348 1641 ἠπόρουν,

488 1655 621 1698 τάττει
639 1655 707 1696 τὸν
728 1654 845 1708 ὄχλον
867 1654 931 1694 καὶ
950 1651 1068 1694 πάλιν
1086 1652 1226 1701 ποινὰς
1243 1653 1373 1694 πλέκει

489 1721 511 1764 ὅ
534 1724 597 1764 σοὶ
617 1721 799 1778 ποθητὸς
819 1719 971 1773 οἰκέτης
988 1717 1232 1775 Νικηφόρος.

487 1794 567 1831 τῶν
587 1787 671 1844 yde:
681 1786 880 1830 πεσόντων
898 1789 1100 1839 δυσμενῶν
1120 1792 1207 1834 ταῖς
1219 1783 1453 1842 σφενδόναις
1701 1797 1747 1831 60

488 1855 598 1905 ἔταξε
617 1855 779 1908 πέμπειν
798 1854 872 1902 τὰς
890 1852 1015 1909 κάρας
1034 1857 1162 1907 βελῶν
1180 1855 1291 1908 δίκην
1304 1866 1315 1876 ⁴

442 1948 498 1984 40.
522 1946 763 1993 ὁδοιπονῆσαι
774 1952 808 1982 et
824 1946 961 1986 ἀκόλως
973 1947 1011 1981 C.
1031 1952 1204 1992 utrumque
1219 1959 1259 1981 ex
1269 1947 1343 1980 cod.
1359 1944 1547 1980 emendavit
1555 1945 1595 1979 F.
1637 1942 1693 1977 44.
1716 1942 1733 1954 ’⁷

442 1993 483 2027 F.
500 1995 541 2027 ex
557 1995 759 2028 coniectura.
785 1994 862 2027 Vid.
880 1995 1000 2027 Annot.
1066 1993 1122 2028 45.
1142 1991 1210 2036 τήν
1223 2004 1285 2026 om.
1308 1994 1349 2025 C.
1407 1989 1463 2024 48.
1486 1990 1664 2032 ἐπάλξεων
1684 1988 1727 2033 ἤι·

443 2038 477 2071 in
496 2044 563 2071 not.
588 2041 664 2082 lego
679 2036 775 2073 κάτω
791 2039 830 2072 C.
863 2039 923 2071 Sic
940 2038 974 2070 in
990 2037 1063 2071 cod.
1086 2038 1214 2070 invenit
1234 2037 1274 2070 F.
1351 2036 1406 2070 52.
1429 2034 1524 2069 Fert.
1547 2034 1618 2078 εἶχε
1634 2033 1738 2078 καιρό

441 2083 497 2116 Cf.
509 2088 576 2116 not.
596 2083 638 2115 ad
650 2084 748 2117 Anth.
768 2084 840 2116 Pal.
862 2095 896 2126 p.
920 2083 997 2116 515.
1056 2083 1111 2116 55.
1132 2082 1226 2115 Fort.
1242 2078 1475 2119 εὐσυνὸέτων,
1495 2080 1532 2112 in
1549 2079 1638 2124 quod
1651 2080 1719 2113 inci

442 2127 542 2160 etiam
557 2128 711 2162 Boisson.
727 2129 770 2161 ad
784 2128 898 2161 Nicet.
915 2138 949 2171 p.
965 2127 1020 2160 23.
1087 2127 1143 2160 57.
1168 2126 1205 2159 οὶ
1226 2137 1288 2159 om.
1312 2126 1351 2158 C.
1375 2124 1524 2159 restituit
1545 2136 1588 2158 ex
1610 2124 1685 2158 cod.
1706 2125 1747 2159 F.

351 2202 573 2244 acerbissima,
597 2204 803 2249 prospiciens
818 2205 940 2237 fossam
957 2203 1025 2236 dux
1042 2202 1160 2247 praelii
1169 2203 1281 2236 multis
1294 2202 1377 2236 locis
1394 2205 1605 2247 praeruptam
1619 2209 1659 2237 ac

350 2248 504 2293 ospitem,
526 2248 663 2282 iniicere
677 2260 777 2290 saxa,
800 2254 835 2283 et
852 2254 993 2288 terram,
1015 2253 1050 2282 et
1062 2248 1154 2291 ligna
1168 2247 1265 2281 iussit
1277 2249 1338 2281 sub
1350 2247 1573 2282 testudinibus
1583 2271 1594 2288 ‚
1615 2251 1653 2281 ut
1669 2248 1704 2281 fn

348 2292 416 2326 iter
439 2297 637 2326 sternerent.
682 2293 733 2326 Ibi
749 2294 972 2327 mandatorum
989 2292 1102 2325 obibat
1115 2292 1209 2336 plebs
1237 2294 1395 2337 frequens
1413 2293 1616 2325 commissum
1634 2303 1710 2326 mun

348 2341 386 2371 at
400 2337 531 2371 interim
539 2337 581 2370 ab
600 2337 749 2370 hostibus
764 2339 864 2371 missa
881 2337 1010 2382 spicula
1028 2337 1153 2371 caelum
1170 2337 1377 2371 obducebant
1398 2337 1551 2370 nubibus.
1596 2337 1665 2370 Aer
1680 2347 1724 2370 nu

348 2381 493 2427 loquere,
515 2386 653 2422 testare,
676 2393 718 2414 ne
734 2382 877 2423 dubites,
900 2387 1035 2415 tramam
1053 2386 1241 2415 contextam
1259 2382 1309 2416 tui
1323 2381 1490 2426 tegminis,
1513 2392 1579 2426 qua
1595 2390 1656 2425 pro

348 2426 582 2471 repercussisti
615 2437 730 2459 noxam
765 2432 900 2460 nectens
940 2427 1033 2459 dolos
1063 2437 1105 2458 ex
1134 2427 1271 2460 occultis
1309 2426 1460 2467 insidiis,
1492 2437 1534 2459 ex
1559 2426 1679 2470 quibus
1705 2427 1727 2460 d

346 2471 545 2505 iiciebantur
561 2483 580 2504 e
597 2472 853 2515 propugnaculis
869 2471 1046 2515 supercilia
1070 2471 1279 2512 attollentes,
1300 2483 1440 2516 rapaces
1457 2481 1566 2505 canes.
1610 2471 1696 2504 cete

347 2527 428 2550 vero
454 2527 550 2562 quum
576 2526 638 2560 per
654 2522 728 2549 octo
746 2515 818 2548 dies
839 2527 904 2549 non
924 2515 1107 2548 destitisset
1123 2516 1253 2550 ferreus
1267 2518 1372 2550 imber
1385 2517 1542 2559 ingruens
1552 2539 1564 2556 ,
1586 2515 1646 2548 sed
1660 2517 1713 2548 fat

345 2561 488 2595 inferret
524 2560 664 2595 iaculum
688 2565 722 2592 et
748 2561 927 2603 pharetra,
962 2560 1084 2593 arietes
1112 2561 1277 2602 admovit,
1307 2566 1342 2594 et
1367 2559 1566 2594 testudinum
1586 2560 1714 2592 machin

344 2616 492 2650 saxaque
508 2605 666 2639 iacientes
681 2605 800 2637 fundas
810 2629 821 2645 ‚
844 2605 1165 2649 compositionesque
1186 2606 1353 2640 terribiles
1365 2616 1430 2639 non
1449 2605 1632 2638 iunctarum

344 2660 415 2682 rum
443 2650 605 2684 adversus
630 2660 697 2683 eos.
742 2649 827 2682 Dum
853 2649 957 2693 igitur
981 2661 1068 2684 nova
1084 2650 1142 2683 illa
1157 2651 1319 2695 supplicia
1338 2649 1494 2695 oppidani
1512 2649 1714 2683 reformidati
1736 2650 1742 2656 ’

344 2694 523 2735 nescirent,
591 2706 610 2727 o
628 2705 665 2727 se
677 2697 864 2734 verterent,
888 2694 1018 2728 ordinat
1035 2696 1175 2737 turbam,
1200 2701 1235 2729 et
1252 2707 1354 2730 novas
1368 2705 1492 2739 poenas
1510 2693 1605 2728 addit
1619 2698 1696 2729 tuus

343 2737 452 2772 lectus
479 2706 619 2773 famiillus
640 2739 861 2784 Nioephorus.
905 2739 1036 2773 Fundis
1061 2740 1146 2775 enim
1170 2752 1339 2776 caesorum
1357 2740 1499 2774 bostium
1510 2738 1611 2774 iussit
1625 2739 1691 2777 iaci
