1768 3034
307 164 402 210 100
791 163 993 211 LEONIS
1021 161 1258 228 ΒΙᾼΟΟΝ]

94 294 130 323 A.
146 290 189 321 Μ.
211 284 299 322 6478
311 275 431 321 ἀνιών
449 294 490 319 τε
518 276 583 318 καὶ
610 273 664 323 ὥς
683 272 831 322 αὖτοὺς
849 268 1183 328 παραγινόμενος,
1220 266 1373 322 ὃιένεμέ
1396 284 1438 310 τε
1458 263 1617 315 τούτοις
1629 281 1731 321 χρυ-

110 337 203 414 Alng.
220 332 287 411 ἑὲ)
309 346 382 388 σὸν
390 377 404 397 ,
442 345 506 386 καὶ
527 343 579 384 τὰ
603 341 811 397 ἡλκωμένα
836 341 902 381 καὶ
921 343 970 394 τῇ
987 336 1094 394 νόσῳ
1121 335 1432 391 κατειργασμένα
1452 332 1606 375 τούτων
1630 333 1731 386 μέλη

147 429 171 459 1.
190 428 214 458 1.
236 424 256 457 1
312 413 383 455 οὐκ
412 412 579 465 ἀπηξίου
600 406 835 464 θεραπεύειν
855 406 958 447 κατὰ
976 405 1023 447 τὸ
1045 404 1154 456 ἐνὸν,
1191 404 1320 444 καίτοι
1344 398 1571 458 ἁβρότατος
1590 399 1647 441 ὢν
1666 401 1733 463 καὶ

270 466 398 522 Βλιάν
431 476 657 535 φιλόκαλος.
710 478 905 516 τοσοῦτον
939 470 1015 527 εἶχε
1043 470 1089 513 τὸ
1120 467 1324 527 φίλοικτόν
1351 485 1393 510 τε
1422 469 1488 510 καὶ
1520 467 1735 520 συμπαθὲς

309 546 410 603 πρὸς
438 546 485 587 τὸ
515 542 665 596 κάμνον
694 546 766 595 τῆς
789 539 968 597 φύσεως,
1005 538 1115 595 παρὰ
1144 541 1324 594 φαῦλον,
1372 534 1436 578 ὅτε
1463 550 1550 583 πως
1575 532 1767 581 τούτοις5

310 611 490 667 ἀπήντα,
527 607 598 652 τόν
625 626 666 650 τε
693 613 765 662 τῆς
789 608 993 662 βασιλείας
1014 605 1130 661 ὄγκον
1156 606 1222 646 καὶ
1248 604 1319 646 τὸν
1341 603 1384 644 ἐκ
1404 606 1476 657 τῆς
1499 599 1735 656 ἁλουργίδας

98 696 168 729 Fol.
184 694 252 731 299
270 703 298 726 v.
312 675 619 731 ἀποτικτόμενον
647 680 776 731 τῦφον
796 675 933 723 τιθείς.
980 671 1118 730 φόρων
1139 689 1180 714 τε
1206 671 1383 713 ἀτέλειαν
1402 673 1460 728 τῷ
1484 672 1564 711 τῶν
1590 667 1733 723 Ἀρμε-

309 750 456 790 νιακῶν
491 745 641 798 θέματι
668 742 883 798 παρέσχεν·
927 741 1076 782 ἐκεῖθεν
1102 739 1178 795 γὰρ
1208 737 1384 794 ὥρμητο.
1441 741 1515 790 τῆς
1543 735 1587 776 δὲ
1613 733 1735 791 ῥόγας

311 812 528 866 ἐνστάσης,
565 809 615 864 ἣν
643 808 668 863 ἣ
696 826 736 851 τε
765 807 984 863 σύγκλητος
1012 809 1077 849 καὶ
1108 807 1154 848 τὸ
1182 810 1255 859 τῆς
1279 804 1477 852 πολιτείας
1504 801 1651 857 εὖγενές
1669 803 1735 842 καὶ

311 879 518 934 ἐλλόγιμον
554 877 665 932 παρὰ
696 882 768 930 τῆς
797 879 1006 929 βασιλικῆς
1040 873 1173 930 χειρὸς
1200 872 1467 928 ἀποφέρεται,
1513 874 1612 911 πᾶσι
1650 875 1735 916 τοῖς
1746 879 1768 913 κ

309 947 540 1002 ἠξιωμένοις
569 945 738 997 ταυτησὶ
764 948 836 997 τῆς
869 945 1043 997 δωρεᾶς,
1089 947 1235 996 προῖκα
1267 939 1340 993 τὴν
1367 936 1490 994 ῥόγαν
1522 934 1732 990 ἐπήυξησε,

275 1015 511 1071 Οφιλοτίμῳ
533 1013 598 1052 καὶ
616 1008 831 1068 φιλαγάθῳ
847 1008 983 1064 γνώμῃ
999 1007 1237 1062 κινούμενος.

99 1099 134 1129 Α.
153 1096 197 1128 Μ.
216 1090 305 1128 6478
414 1078 462 1129 ς’.
489 1079 597 1132 ''I-15⁷7
625 1079 669 1119 δὲ
689 1082 760 1131 τῆς
787 1077 887 1132 πρὸς
901 1074 1069 1131 Ὀρόντῃ
1094 1073 1269 1130 μεγάλης
1288 1071 1527 1125 Ἀντιοχείας
1543 1069 1644 1125 πρὸς
1662 1072 1735 1110 τοῦ

121 1143 207 1219 Alng·
232 1138 607 1218 {gocm'noxpdwpog
625 1141 862 1200 Ntxrstpdpov
882 1141 1058 1196 ἁλούσης
1067 1175 1080 1194 ,
1116 1143 1182 1183 καὶ
1201 1145 1274 1182 τοῦ
1295 1140 1572 1195 ἱεραρχοῦντος
1589 1153 1737 1192 χηρευ-

150 1210 177 1263 i,
199 1232 224 1263 1
249 1231 269 1264 1
315 1213 439 1268 ούσης
466 1211 507 1269 (ὃ
528 1213 604 1268 γὰρ
625 1211 670 1253 τὸ
692 1209 886 1266 πρότερον
913 1208 1123 1266 κατάρχων
1143 1206 1293 1262 ταύτης
1313 1205 1532 1261 Ἀγαρηνὸς
1558 1204 1627 1246 τὸν
1654 1220 1734 1244 πα-
1748 1213 1765 1248 1

309 1280 503 1337 τριάρχην
533 1277 845 1335 Χριστοφόρον,
891 1276 1154 1319 ἄποστολικόν
1183 1274 1311 1330 ἄνδρα
1339 1291 1381 1315 τε
1408 1274 1474 1313 καὶ
1502 1271 1732 1321 θεσπέσιον,

310 1349 485 1399 ἀνεῖλεν,
524 1344 706 1388 ἀκόντιον
734 1346 837 1386 κατὰ
863 1349 942 1386 τῶν
969 1344 1142 1399 στέρνων
1163 1342 1288 1383 αὐτοῦ
1316 1338 1522 1390 διελάσας,
1560 1338 1736 1393 ἔγκλημα

309 1415 452 1470 τάνδρὶ
482 1415 536 1462 εἷς
564 1413 634 1454 τὸν
660 1417 823 1467 σωτῆρα
843 1411 1026 1467 Χριστὸν
1051 1408 1207 1464 ἐπάγων
1227 1407 1468 1465 εὐσέβειαν),
1497 1403 1647 1458 ταύτης
1665 1403 1735 1445 τὸν

311 1480 566 1534 συνοικισμὸν
589 1479 914 1536 προύργιαίτερον
932 1476 952 1519 ὃ
969 1477 1156 1531 βασιλεὺς
1168 1474 1354 1529 Ἰωάννης
1378 1471 1633 1526 ποιούμενος,
1667 1470 1735 1512 διὰ

311 1550 491 1602 σπουδῆς
510 1545 584 1600 εἶχε
604 1548 670 1587 καὶ
697 1546 820 1594 πολὺς
838 1541 888 1599 ἦν
907 1546 1143 1599 ἐγκείμενος,
1177 1547 1250 1597 τῆς
1271 1542 1472 1597 ἱεραρχίας
1494 1537 1643 1592 ταύτης
1664 1537 1768 1581 vave

312 1616 423 1666 ἄξιον
445 1613 580 1670 εὖρεῖν.
625 1610 786 1654 ἆλύοντι
807 1613 851 1653 δὲ
878 1610 1007 1669 τούτῳ
1027 1613 1093 1653 καὶ
1117 1608 1429 1665 γνωματεύοντι,
1466 1608 1530 1648 ἐπὶ
1549 1610 1643 1648 νοῦν
1661 1600 1737 1659 ἦλ-

272 1688 388 1727 Βθεν
418 1680 439 1723 ὃ
467 1683 509 1722 ἐκ
534 1681 762 1728 Κολωνειάς
797 1676 1031 1735 Θεόδωρος,
1070 1678 1171 1733 ἀνὴρ
1202 1678 1243 1726 ἐξ
1270 1674 1422 1729 ὀνύχων
1449 1674 1520 1716 τὸν
1548 1671 1735 1728 ἐρημικόν

313 1752 379 1791 καὶ
399 1746 635 1804 ἀπράγμονα
661 1749 752 1800 βίον
776 1745 1095 1802 αἱρετισάμενος,
1132 1746 1199 1786 καὶ
1233 1747 1394 1792 πολλοῖς
1416 1742 1580 1797 ἱδρῶσιν
1607 1740 1734 1792 ἀσκη-

312 1823 435 1864 τικοΐς
461 1815 507 1857 τὸ
527 1815 691 1870 σαρκίον
718 1812 1020 1867 καταδαμάσας.
1065 1813 1238 1869 τρίχινον
1256 1811 1332 1867 γὰρ
1354 1808 1477 1866 ῥάκος
1503 1804 1733 1849 ἐνδιδύσκό-

399 1923 453 1957 18.
477 1920 529 1962 εἰς
543 1918 619 1957 τόν.
656 1921 714 1955 Sic
738 1919 812 1954 cod.
853 1919 949 1954 Fort.
966 1918 1021 1953 hic
1039 1917 1135 1953 deest
1152 1915 1230 1963 τήν.
1317 1917 1374 1953 21.
1405 1914 1456 1952 δέ.
1486 1914 1581 1948 Fort.
1605 1910 1665 1958 δή.

309 2011 353 2046 ad
368 2022 426 2044 eos
442 2010 625 2044 ascendens
644 2013 679 2043 et
696 2009 878 2050 accedens,
900 2020 1013 2043 aurum
1042 2008 1224 2052 erogabat,
1245 2005 1463 2050 ulcerosaque
1486 2007 1588 2047 atque
1620 2002 1734 2035 morbo

312 2056 467 2089 confecta
490 2066 601 2088 eorum
633 2056 777 2088 membra
795 2056 931 2094 fovere,
955 2058 1117 2098 quatenus
1148 2052 1294 2092 licebat,
1315 2061 1381 2083 non
1405 2049 1603 2088 recusabat3
1631 2047 1734 2091 idque

310 2113 384 2134 cum
409 2100 546 2133 maxime
569 2100 744 2140 delicatus,
764 2100 940 2143 lautusque
970 2097 1159 2142 cumprimis
1173 2101 1272 2129 esset.
1317 2096 1432 2128 Tanta
1454 2093 1606 2126 nimirum
1633 2092 1734 2124 mise-

311 2146 443 2178 ratione
461 2145 660 2185 ducebatur,
682 2145 912 2187 laborantique
930 2147 1068 2176 naturae
1082 2141 1299 2180 condolebat,
1322 2139 1351 2172 si
1367 2138 1497 2183 quando
1523 2138 1590 2171 illis
1613 2147 1733 2169 occur-

312 2194 423 2230 reret,
445 2189 647 2222 maiestatem
665 2189 794 2232 imperii
813 2196 848 2222 et
865 2190 987 2221 fastum
1007 2198 1177 2231 purpurae
1193 2185 1292 2218 flocci
1306 2185 1466 2229 pendens.
1511 2181 1731 2225 vectigalium

311 2245 444 2279 quoque
466 2233 700 2267 immunitatem
728 2234 953 2267 Armeniorum
978 2232 1118 2265 themati
1142 2231 1253 2264 dedit:
1273 2229 1447 2262 indeenim
1474 2227 1630 2261 oriundus
1644 2230 1732 2259 erat.

312 2281 463 2322 Cumque
481 2289 565 2322 roga
591 2278 753 2318 instaret,
777 2289 875 2321 quam
900 2282 1033 2312 senatus
1059 2288 1098 2310 ac
1115 2273 1331 2319 Reipublicae
1358 2273 1487 2308 nobiles
1507 2282 1732 2316 proceresque

313 2335 357 2358 ex
373 2324 529 2367 Imperat.
552 2334 651 2356 manu
669 2327 843 2366 reportare
860 2322 987 2363 solent,
1010 2321 1157 2354 omnibus
1181 2320 1240 2364 qui
1262 2319 1320 2352 illa
1340 2318 1519 2362 largitione
1544 2317 1731 2360 dignaban-

311 2373 384 2409 tur,
408 2373 527 2412 sponte
545 2378 660 2410 rogam
678 2368 771 2400 auxit
782 2392 791 2407 ,
816 2367 923 2400 animo
942 2366 1067 2410 gloriae
1084 2371 1119 2399 et
1139 2365 1274 2398 virtutis
1291 2364 1440 2397 studioso
1454 2362 1620 2396 inductus.

401 2414 434 2447 6.
458 2412 638 2446 Antiochia
663 2423 783 2454 magna
824 2413 868 2444 ad
890 2412 1050 2445 Orontem
1083 2422 1104 2443 a
1126 2411 1322 2454 Nicephoro
1341 2409 1491 2460 Augusto
1513 2411 1634 2450 capta,
1658 2415 1730 2438 cum
1767 2439 1768 2442 ,

309 2461 401 2491 esset
419 2457 568 2491 antistite
587 2467 753 2490 sacrorum
773 2456 909 2489 viduata
925 2457 1018 2499 (nam
1039 2456 1096 2499 qui
1114 2459 1191 2488 ante
1206 2456 1242 2488 in
1262 2466 1303 2487 ea
1324 2454 1509 2486 dominatus
1533 2456 1608 2485 erat
1626 2451 1731 2483 Sara-

309 2514 411 2537 cenus
430 2502 704 2546 Christophorum
723 2501 946 2544 patriarcham
958 2525 968 2540 ,
991 2499 1208 2544 apostolicum
1222 2511 1260 2533 ac
1275 2498 1420 2532 divinum
1434 2497 1540 2531 virum
1551 2519 1562 2537 ,
1585 2495 1652 2539 pilo
1669 2504 1731 2539 per

308 2553 426 2591 pectus
450 2547 569 2580 adacto
594 2547 831 2584 interfecerat,
861 2545 989 2578 crimini
1011 2546 1042 2578 ei
1065 2545 1147 2578 dans
1172 2545 1330 2589 pietatem
1358 2544 1395 2576 in
1410 2546 1612 2576 servatorem
1627 2540 1731 2573 Chri-
1765 2550 1768 2553 ·

308 2595 436 2635 stum),
456 2591 543 2624 illius
563 2591 714 2634 coniugio
739 2590 911 2623 consulere
928 2590 1087 2633 cupiens,
1110 2590 1250 2623 Ioannes
1267 2590 1451 2633 Imperator
1474 2596 1593 2629 magno
1617 2584 1729 2618 studio

308 2637 351 2669 ad
367 2637 402 2669 id
419 2637 648 2677 incumbebat,
670 2641 708 2669 ut
726 2635 868 2679 aliquem
886 2635 1082 2678 amplissimo
1098 2634 1175 2667 huic
1196 2633 1384 2668 sacerdotio
1403 2633 1539 2676 dignum
1553 2629 1729 2664 inveniret.

308 2681 387 2719 Qua
408 2682 450 2715 de
466 2693 503 2715 re
525 2693 597 2715 cum
623 2681 758 2714 multum
776 2680 899 2723 diuque
916 2680 1120 2723 cogitasset,
1141 2680 1235 2712 venit
1259 2679 1292 2713 ei
1313 2679 1349 2711 in
1373 2682 1514 2711 mentem
1531 2675 1729 2708 Theodorus

306 2725 532 2767 Coloniensis‚
555 2726 609 2759 vir
632 2725 690 2770 qui
716 2736 736 2758 a
763 2725 888 2758 teneris
909 2724 1116 2768 unguiculis,
1140 2724 1292 2757 solitaria
1317 2734 1358 2757 ac
1379 2722 1493 2767 quieta
1516 2720 1590 2754 vita
1610 2719 1732 2759 electa,

304 2769 413 2803 multi„
428 2771 582 2806 asceticis
598 2769 775 2806 sudoribus
790 2770 891 2805 animi
906 2769 1129 2815 appetitiones
1145 2770 1346 2804 edomuerat.
1391 2765 1515 2802 Cilicia
1529 2764 1615 2800 enim
1628 2763 1727 2798 indu-
