1768 3034
283 172 377 219 166
761 172 963 218 LEONIS
993 170 1231 215 DIA'CONI

69 292 103 323 A.
123 291 164 322 Μ.
183 287 272 325 6483
284 281 544 341 στησάμενος,
570 282 622 326 τὰ
635 287 708 325 τοῦ
721 286 913 337 Σωτῆρος
924 282 1110 335 Χριστοῦ
1123 274 1322 321 σανδάλια
1341 277 1460 320 ἓκεῖσε
1474 275 1713 331 ἀνευρηκὼς,

119 337 184 369 Ind'
199 336 222 370 3
285 354 493 409 ἀνείληφεν
507 350 561 400 ὥς
577 368 616 392 τι
639 353 770 406 δῶρον
786 347 987 404 οὐράνιον,
1025 348 1090 389 καὶ
1107 346 1181 395 τὰς
1197 349 1270 388 τοῦ
1291 347 1512 400 σεβασμίου
1532 362 1575 386 τε
1599 347 1717 400 Προ-

282 419 436 477 ὃρόμου
463 420 603 475 τρίχας
614 451 626 469 ,
663 421 737 458 τοῦ
764 414 966 470 Κήρυκος.
1012 415 1078 455 καὶ
1097 413 1149 455 τὰ
1168 413 1241 466 μὲν
1267 407 1391 462 αὖθις
1413 414 1453 454 ἓν
1472 416 1529 469 τῷ
1550 408 1717 468 περιπύ-

282 504 366 546 στῳ
387 491 458 541 τῆς
476 484 730 539 θεομῆτορος
750 486 884 540 σηκῷ,
921 485 979 539 τῷ
999 481 1102 522 κατὰ
1122 480 1196 535 τὴν
1212 479 1476 536 ἀνακτορικὴν
1495 477 1630 522 ἑστίαν
1653 480 1719 520 δε·-

16 606 20 610 .
67 567 138 601 Fol.
159 566 227 602 318
249 554 514 610 ιηδομημὲνῳ,
537 552 725 602 ἀπέθετο,
751 549 805 599 ὥς
820 566 910 591 τινα
930 546 1158 601 πολύολβον
1175 545 1411 603 θησαυρόν·
1445 546 1520 595 τὰς
1540 546 1585 587 δὲ
1603 545 1644 587 ἓν
1660 548 1718 602 ‘ng'
1729 549 1752 585 5

20 611 24 616 Χ
246 627 359 668 Βτοῦ
375 624 567 675 Σωτῆρος
590 622 680 675 νεῷ,
718 616 763 660 ὃν
789 617 912 665 αὐτὸς
931 616 974 657 ἐκ
992 614 1166 671 βάθρων
1190 612 1402 671 ἀνήγειρεν.
1440 614 1591 656 ἐκεῖθεν
1615 610 1722 654 ἀπά-

285 707 358 745 ρας
369 687 565 744 Ἀπαμείᾳ
595 685 841 742 προσέβαλε,
879 681 1074 740 φρούριον
1100 683 1144 724 δὲ
1163 680 1266 736 αὕτη
1286 681 1431 737 ὀχυρὸν
1451 682 1518 723 καὶ
1537 677 1723 722 δυσάλω-

283 774 367 799 τον.
418 754 522 796 ἀλλὰ
550 755 616 795 καὶ
648 751 800 807 ταύτην
832 748 1122 807 εὖαριθμήτοις
1146 747 1311 805 ἡμέραις
1329 747 1488 805 ᾑρηκὼς
1511 749 1577 790 καὶ
1595 763 1723 789 κατα-

284 820 583 879 στρεψάμενος,
622 820 684 860 ἐπὶ
718 818 946 873 Δαμασκὸν
976 817 1077 871 μετὰ
1102 821 1176 858 τοῦ
1198 814 1501 872 στρατεύματος
1522 815 1635 857 ῗεται.
1685 814 1726 856 οἳ

285 891 328 932 δὲ
347 888 498 943 ταύτην
521 890 739 938 οῗκοῦντες,
777 890 928 928 πολλοῦ
949 882 1153 938 τιμώμενα
1174 886 1287 939 δῶρα
1306 889 1396 932 ταῖς
1408 884 1547 939 χερσὶν
1566 882 1723 936 ἇνειλη-
1738 888 1768 922 1(

286 956 427 1014 ῳότες,
465 955 565 1011 πρὸς
582 959 655 996 τοῦ
681 955 872 1009 ε’μποριόυ
898 957 956 1010 τῷ
976 955 1138 1006 βασιλεῖ
1153 950 1416 1006 ὑπηντίαζον,
1452 947 1726 1006 παραιτούμε-

285 1026 352 1067 νοί
378 1040 422 1066 τε
450 1023 519 1065 τὸν
542 1020 689 1064 τούτου
714 1021 875 1075 θυμὸν,
912 1022 979 1061 καὶ
1003 1025 1088 1068 τοῖς
1114 1017 1259 1075 δώροις
1288 1017 1412 1060 αὐτὸν
1437 1014 1726 1071 ἓξευμενιζόμε-

285 1109 359 1134 νοι.
410 1089 431 1133 ὅ
462 1091 529 1142 δὲ,
567 1087 720 1145 ([όρους
751 1088 889 1137 αὐτοῖς
916 1086 1041 1137 τάξας
1071 1085 1218 1143 ῥητοῧς
1240 1086 1307 1127 καὶ
1330 1083 1609 1134 ὑποσπόνδους
1627 1081 1726 1125 Ῥω-

285 1160 421 1213 μαίοις
442 1155 780 1212 ἀπεργασάμενος,
819 1156 970 1197 ἐκεῖθεν
992 1152 1187 1210 ὁρμηθεὶς
1211 1153 1277 1195 διὰ
1295 1157 1368 1194 τοῦ
1392 1150 1586 1206 Λιβάνου
1611 1150 1728 1206 (ὅρος

135 1236 175 1268 Ρ.
201 1235 266 1271 103
291 1227 335 1268 δὲ
367 1224 387 1268 ὁ
406 1227 597 1278 Λίβανος
618 1223 707 1265 κατ’
729 1224 875 1264 ἐκεῖνον
893 1222 963 1264 τὸν
973 1226 1110 1277 χῶρον
1138 1220 1267 1277 τραχὺ
1289 1221 1355 1262 καὶ
1375 1220 1561 1275 μέγιστον
1579 1221 1726 1260 ὃιατεῖ-
1740 1224 1768 1258 11

286 1311 379 1345 νον,
411 1290 486 1346 τήν
514 1308 556 1333 τε
580 1292 770 1344 Φοινίκην
791 1292 857 1332 καὶ
870 1290 1149 1343 Παλαιστίνην
1168 1286 1353 1342 ἀλλήλων
1371 1287 1564 1344 ἀπείργει)
1585 1287 1728 1341 ἔγκαρ-

289 1362 385 1410 σίως
404 1359 597 1414 ἠπείγετο,
635 1360 700 1399 καὶ
720 1357 806 1399 κατ’
830 1357 957 1411 αὐτὴν
978 1356 1050 1410 τὴν
1071 1355 1214 1412 ῥαχίαν
1235 1353 1489 1411 ἀφικόμενος,
1518 1354 1593 1408 τὴν
1617 1356 1728 1409 Βορ-

289 1431 365 1480 ζῶ,
402 1425 518 1468 πόλιν
547 1423 853 1481 ε’ρυμνωτάτην,
890 1424 932 1473 ἒξ
952 1424 1170 1478 ἐπιδρομῆς
1196 1420 1307 1464 εἷλεν.
1361 1423 1546 1464 ἐντεῦθεν
1570 1419 1731 1476 ἀπάρας

289 1497 329 1545 ἐς
350 1495 540 1547 Φοινίκην
570 1491 742 1543 κάτεισι,
780 1493 847 1532 καὶ
877 1489 951 1540 τάς
985 1508 1027 1532 τε
1062 1490 1299 1538 Βαλαναιάς
1319 1489 1366 1530 τὸ
1388 1487 1582 1545 φρούριον
1611 1488 1727 1543 αἱρεῖ,

289 1564 356 1605 καὶ
383 1562 457 1616 τὴν
474 1560 663 1616 Βηρυτὸν
689 1563 895 1614 πολιορκεῖ
905 1571 914 1581 ·
951 1559 991 1599 ἕν
1013 1552 1038 1613 ᾗ
1059 1559 1125 1598 καὶ
1143 1557 1217 1611 τὴν
1238 1561 1312 1598 τοῦ
1332 1560 1524 1612 Σωτῆρος
1549 1557 1590 1597 ἐν
1611 1553 1728 1597 εἰκόνι
1740 1559 1768 1597 21

290 1627 519 1685 σταῦρωσιν
554 1624 752 1683 εὖρηκιὺς,
791 1628 857 1667 καὶ
875 1623 1026 1679 ταύτην
1045 1626 1196 1666 ἐκεῖθεν
1214 1623 1461 1679 ἀνειληφὼς,
1499 1624 1541 1664 ἐν
1567 1627 1625 1681 τῷ
1658 1626 1730 1664 τοῦ

291 1701 485 1751 Σωτῆρος
503 1698 601 1751 νεῷ,
640 1693 686 1735 ὃν
707 1695 749 1734 ἐκ
766 1691 940 1748 βάθρων
966 1693 1163 1745 ἐδείματο,
1201 1691 1479 1746 παρεκπέιιπει.

258 1780 288 1814 Β
396 1761 437 1806 ε’.
474 1762 651 1816 Λέγεται
673 1760 715 1803 δὲ
730 1761 817 1817 περὶ
836 1758 986 1814 ταύτης
998 1764 1069 1813 τῆς
1083 1760 1200 1807 θείας
1219 1757 1368 1808 εἷκόνος
1381 1754 1555 1807 ἐξαίσιόν
1575 1773 1612 1798 τι
1626 1772 1730 1809 συμ-

292 1830 505 1884 βεβηκέναι
528 1826 749 1884 τεράστιον,
799 1829 901 1884 ᾳασὶ
931 1827 1007 1882 γὰρ
1043 1824 1146 1867 κατά
1179 1843 1268 1868 τινα
1289 1824 1424 1867 ἑστίαν
1443 1829 1515 1879 τῆς
1540 1827 1731 1880 Βηρυτοῦ

388 1915 441 1950 11.
473 1911 578 1957 πρὸς]
614 1913 697 1956 Leg.
719 1910 802 1956 πρό.
894 1913 948 1947 17.
980 1910 1112 1956 ραχιοὶν
1134 1911 1229 1952 θοὰ,
1252 1913 1426 1955 oxytonos.

296 1985 364 2022 cto,
382 1984 519 2024 reperta
534 1979 581 2012 ibi
599 1980 749 2013 sandalia
756 1980 949 2013 Servatoris
966 1983 1124 2023 tanquam
1142 1977 1286 2011 coeleste
1299 1977 1419 2010 donum
1435 1975 1600 2020 quoddam
1621 1977 1732 2009 sustu-

294 2028 348 2066 lit,
366 2026 512 2068 itemque
532 2025 668 2068 capillos
686 2025 870 2059 venerandi
880 2023 1114 2058 Praecursoris
1134 2027 1170 2056 et
1182 2021 1375 2055 Praeconis.
1399 2022 1510 2064 Atque
1528 2020 1586 2053 illa
1598 2020 1733 2064 quidem

296 2071 332 2104 in
351 2070 473 2103 illustri
485 2071 606 2113 templo
619 2069 739 2103 Matris
750 2069 827 2110 Dei,
848 2070 938 2114 quod
953 2069 987 2102 in
999 2069 1123 2113 palatio
1134 2071 1337 2100 exstructum
1352 2070 1414 2108 est,
1434 2065 1585 2098 ditissimi
1595 2067 1733 2098 thesau-

296 2115 329 2150 ri
344 2116 449 2148 instar
470 2113 647 2158 deposuit:
668 2115 728 2147 hos
744 2115 778 2147 in
796 2115 880 2147 aede
899 2114 1102 2153 Servatoris,
1122 2123 1220 2156 quam
1236 2123 1256 2144 a
1270 2110 1493 2144 fundamentis
1512 2109 1730 2143 excitaverat.

297 2161 382 2194 Inde
406 2160 578 2203 profectus
594 2160 636 2192 ad
652 2162 829 2203 Apameam
851 2159 1011 2199 accessit,
1034 2157 1190 2192 munitum
1209 2160 1375 2200 captuque
1392 2155 1529 2189 difficile
1549 2154 1732 2189 castellum.

297 2205 368 2238 Sed
384 2209 493 2237 tamen
512 2205 598 2236 hanc
619 2215 750 2248 quoque
768 2210 844 2248 post
860 2204 932 2237 dies
950 2215 1015 2237 non
1034 2203 1083 2236 ita
1101 2201 1220 2235 multos
1239 2201 1340 2245 cepit,
1364 2212 1510 2244 suaeque
1526 2200 1664 2234 ditionis
1681 2200 1734 2233 fe-

297 2251 358 2290 cit,
381 2260 421 2282 ac
438 2248 634 2282 Damascum
649 2260 766 2282 versus
783 2260 856 2282 cum
873 2248 1021 2282 exercitu
1039 2246 1219 2281 contendit.
1266 2249 1311 2279 At
1331 2245 1525 2279 Damasceni
1546 2257 1618 2278 cum
1637 2245 1733 2277 donis

299 2294 411 2338 magni
438 2293 540 2337 pretii
571 2294 605 2326 in
631 2294 801 2334 manibus,
826 2305 886 2337 pro
904 2305 963 2327 suo
986 2292 1131 2336 emporio
1150 2290 1348 2335 Imperatori
1365 2290 1495 2324 obviam
1511 2290 1671 2331 veniunt,
1695 2293 1735 2322 ut

301 2339 372 2373 eius
388 2339 472 2372 iram
490 2338 770 2381 deprecarentur,
794 2339 969 2383 ipsumque
985 2337 1174 2371 muneribus
1194 2336 1374 2380 placarent.
1420 2335 1484 2376 Ita,
1508 2334 1564 2368 ubi
1581 2340 1674 2368 certa
1692 2334 1734 2366 il-

301 2385 343 2419 lis
364 2384 493 2417 tributa
509 2383 666 2426 imposuit
684 2382 717 2415 in
736 2387 1002 2426 potestatemque
1016 2383 1236 2415 Romanorum
1253 2381 1346 2424 ipsos
1364 2379 1524 2424 suscepit,
1542 2379 1620 2413 iude
1635 2379 1734 2412 motis

302 2428 421 2463 castris
442 2439 504 2472 per
519 2427 681 2461 Libanum
713 2428 823 2470 (mons
848 2433 901 2460 est
920 2427 1067 2460 Libanus
1088 2438 1186 2470 asper
1204 2437 1244 2459 ac
1262 2425 1440 2466 maximus,
1464 2424 1522 2470 qui
1540 2435 1600 2468 per
1619 2427 1733 2468 partes

300 2474 376 2508 illas
399 2473 568 2518 pertinens
582 2472 796 2506 Phoeniciam
813 2485 833 2505 a
851 2472 1044 2505 Palaestina
1065 2471 1293 2512 disterminat)
1316 2475 1509 2503 transverso
1525 2469 1645 2502 itinere
1660 2473 1734 2501 ten-

301 2519 370 2559 dit,
392 2519 427 2551 in
443 2518 616 2562 ipsumque
633 2517 748 2550 enixus
764 2517 836 2560 iugi
854 2517 1006 2555 dorsum,
1031 2517 1144 2548 urbem
1165 2515 1413 2548 munitissimam
1430 2515 1539 2547 Borzo
1555 2514 1668 2546 subita
1683 2512 1735 2544 in-

303 2563 458 2596 cursione
480 2563 582 2606 cepit.
626 2562 708 2595 Inde
729 2563 902 2606 profectus
918 2561 952 2593 in
969 2561 1186 2594 Phoeniciam
1204 2572 1241 2593 se
1259 2560 1415 2599 demittit,
1441 2559 1612 2592 castellum
1634 2557 1735 2590 Bala-

303 2620 405 2641 naeas
421 2613 577 2652 occupat,
593 2607 753 2650 Berytnm
769 2606 920 2640 obsidet:
942 2617 1006 2650 qno
1025 2605 1059 2638 in
1078 2606 1201 2649 oppido
1219 2617 1292 2638 cum
1311 2604 1558 2637 crucifixionem
1575 2603 1735 2635 Servato-

304 2653 351 2684 ris
378 2653 546 2696 depictum
569 2652 771 2692 invenisset,
796 2663 867 2684 eam
893 2651 972 2683 inde
997 2650 1163 2684 sublatam
1178 2650 1212 2683 in
1230 2647 1422 2683 Servatoris
1438 2647 1574 2688 aedem,
1599 2658 1695 2691 quam
1716 2658 1736 2679 a

303 2697 525 2731 fundamentis
549 2697 846 2735 exaedificaverat,
870 2697 1015 2728 mandat.

394 2744 426 2774 5.
451 2742 552 2779 Circa
568 2743 654 2776 hanc
672 2741 817 2775 divinam
833 2741 1005 2784 imaginem
1027 2740 1223 2783 stupendum
1240 2740 1405 2782 siuoddam
1422 2737 1612 2781 prodigium
1630 2735 1737 2768 conti-

305 2784 394 2828 gisse
414 2792 579 2821 narratur.
614 2787 717 2820 Aiunt
736 2785 949 2819 Christianae
967 2784 1137 2828 religionis
1156 2784 1315 2817 hominem
1334 2784 1450 2827 Beryti
1468 2783 1501 2816 in
1521 2782 1660 2826 quadam
1678 2781 1738 2813 do-
