1748 3094
247 149 346 197 370
396 166 400 174 Χ
646 148 993 194 LUITPRANDI
1021 146 1278 190 LEGATIO

247 259 321 298 tite
345 256 466 309 igitur
492 269 643 308 quaeso.
698 251 942 305 Nicephorus
966 265 1058 290 cum
1087 249 1265 298 omnibus
1283 247 1467 289 Ecclesiis
1491 246 1610 286 homo
1634 246 1685 286 sit

247 327 412 379 impius,
452 324 597 370 livore,
635 335 714 373 quo
747 321 791 358 in
817 334 888 359 vos
920 319 1114 367 abundat,
1153 315 1580 368 Constantinopolitano
1606 314 1684 353 Pa-

248 392 442 432 triarchae
460 388 696 442 praecepit,
726 391 770 424 ut
791 384 1083 438 Hydruntinam
1109 383 1325 423 Ecclesiam
1349 382 1392 421 in
1414 380 1683 432 Archiepisco-

247 466 363 512 patus
384 458 573 496 honorem
595 455 743 502 dilatet,
770 466 844 491 nec
859 453 1062 504 permittat
1080 451 1123 489 in
1140 449 1247 488 omni
1266 449 1410 501 Apulia
1425 461 1492 487 seu
1508 446 1686 485 Calabria

249 526 385 564 Latine
403 523 582 575 ampliuS,
602 521 670 559 sed
691 521 837 559 Graece
853 519 986 558 divina
1003 518 1188 569 Mysteria
1207 515 1405 555 celebrari.
1452 515 1686 554 Mercatores

251 593 350 631 dicit
366 592 484 629 fuisse
501 588 731 641 praeteritos
749 588 882 638 Papas,
902 592 940 624 et
955 586 1143 637 Spiritum
1160 586 1343 621 Sanctum
1360 580 1590 629 vendidisse,
1607 593 1685 631 quo

216 659 502 700 Bvivificantur
531 661 569 694 et
593 659 784 705 reguntur
808 653 958 702 omnia,
988 652 1054 702 qui
1070 651 1194 702 replet
1216 649 1360 688 Orbem
1376 654 1589 695 terrarum,
1620 643 1688 695 qui

255 725 460 764 scientiam
474 719 592 761 habet
610 721 739 770 vocis,
769 720 838 771 qui
859 726 916 757 est
936 732 1026 756 cum
1047 719 1126 755 Deo
1150 716 1264 754 Patre
1291 721 1331 753 et
1354 714 1453 752 Filio
1488 713 1570 752 eius
1599 711 1687 750 Iesu

257 791 411 830 Christo
443 794 688 837 coaeternus,
716 793 754 825 et
784 783 1184 832 consubstantialiter,
1208 770 1297 820 *sine
1321 781 1456 829 initio,
1486 779 1569 818 sine
1593 778 1687 826 fine,

256 868 489 910 permanens
511 869 648 906 verus,
673 856 737 906 qui
754 853 880 905 pretio
898 866 979 890 non
1001 851 1239 898 aestimatur,
1268 849 1336 887 sed
1352 862 1374 886 a
1390 847 1548 886 mundis
1571 844 1688 883 corde

255 924 357 963 tanti
389 923 553 972 emitur,
581 922 718 973 quanti
746 920 923 958 habetur.
981 917 1144 968 Scripsit
1168 916 1302 967 itaque
1322 915 1557 966 Polyeuctus
1580 913 1688 949 Con·-

255 989 628 1040 stantinopolitanus
662 985 886 1026 patriarcha
917 985 1166 1036 privilegium
1192 982 1447 1034 Hydruntino
1476 980 1687 1032 EpiscopO,
1741 972 1744 974 ’

256 1063 443 1108 quatenus
465 1069 535 1093 sua
556 1054 788 1093 auctoritate
815 1052 956 1090 habeat
980 1051 1175 1089 licentiam
1199 1050 1413 1102 Episcopos
1435 1044 1689 1086 consecrandi

254 1125 297 1163 in
334 1122 564 1170 Acirentila,
607 1120 795 1170 Tureico,
837 1119 1029 1167 Gravina,
1072 1117 1261 1166 Maceria,
1299 1114 1493 1164 Tricario,
1531 1112 1600 1163 qui
1637 1110 1689 1148 ad

255 1188 589 1228 consecrationem
613 1186 765 1224 Domini
786 1185 1004 1236 Apostolici
1023 1187 1218 1236 pertinere
1242 1183 1439 1222 videntur.
1496 1180 1573 1217 Sed
1595 1176 1689 1229 quid

256 1256 333 1294 hoc
365 1267 596 1301 memorem,
633 1266 724 1290 cum
756 1252 851 1304 ipsa¹
876 1251 1305 1303 Constantinopolitana
1332 1247 1508 1288 Ecclesia
1533 1251 1690 1284 nostrae

257 1325 419 1360 Sanctae
444 1321 667 1360 Catholicae
704 1326 818 1370 atque
850 1319 1093 1371 Apostolicae
1116 1317 1308 1357 Ecclesiae
1329 1317 1523 1354 Romanae
1551 1311 1689 1350 merito

227 1390 318 1428 Csit
347 1388 550 1426 subiecta?
580 1387 743 1434 Scimus,
764 1386 883 1423 immo
903 1386 1077 1423 videmus
1103 1382 1572 1445 Constantinopolitanum
1591 1377 1690 1429 Epi-

260 1469 422 1507 scopum
442 1454 561 1506 pallio
592 1467 673 1491 non
693 1452 776 1501 uti,
806 1452 880 1489 nisi
901 1442 1032 1489 Sancti
1055 1452 1178 1489 Patris
1204 1448 1331 1489 nostri
1349 1447 1552 1501 permissu.
1608 1445 1689 1484 Ve-

259 1537 349 1562 rum
378 1536 466 1560 cum
490 1520 742 1572 impiissimus
774 1518 993 1566 Albericus,
1035 1531 1148 1568 quem
1172 1532 1254 1556 non
1280 1516 1457 1555 stillatim
1481 1511 1688 1564 cupiditas,

261 1590 330 1628 sed
351 1590 463 1627 velut
482 1594 634 1625 torrens
662 1586 904 1636 impleverat,
927 1585 1140 1622 Romanam
1161 1585 1356 1624 ciw'tatem
1376 1582 1450 1621 sibi
1472 1584 1689 1631 usurparet,

263 1657 541 1706 dominumque
571 1653 839 1704 Apostolicum
869 1650 980 1701 quasi
1021 1664 1175 1690 servum
1202 1651 1404 1703 proprium
1434 1648 1478 1685 in
1511 1644 1690 1685 conclavi

258 1729 436 1772 teneret3
465 1723 663 1759 Romanus
683 1719 897 1770 Imperator
925 1717 1049 1755 filium
1070 1731 1182 1756 suum
1200 1716 1533 1768 Theophylactum
1559 1724 1689 1751 eunu-

263 1790 381 1828 chum
417 1787 679 1827 Patriarcham
708 1784 930 1823 constituit:
971 1797 1136 1834 cumque
1163 1797 1250 1822 eum
1287 1781 1456 1822 Alberici
1495 1778 1687 1831 cupiditas

262 1869 343 1893 non
371 1856 531 1904 lateret,
568 1852 693 1892 missis
726 1852 762 1889 ei
793 1850 1016 1888 muneribus
1046 1850 1137 1888 satis
1169 1850 1338 1901 magnis,
1381 1847 1528 1896 effecit,
1565 1852 1612 1884 ut
1638 1856 1688 1882 ex

263 1922 388 1972 Papae
435 1921 590 1958 nomine
629 1917 921 1969 Theophylacto
965 1916 1210 1956 Patriarchae
1249 1917 1385 1954 literae
1419 1913 1688 1951 mitterentur:

264 2001 339 2038 qua
367 1986 421 2038 3⁹)
451 1987 679 2025 auctoritate
707 1984 927 2034 cumipse,
958 1989 1042 2021 tum
1071 1996 1310 2021 successores
1335 1981 1418 2019 eius
1443 1980 1584 2030 absque
1606 1978 1688 2015 Pa-

231 2063 263 2097 D
271 2067 410 2105 parum
435 2053 627 2104 permissu
649 2052 774 2104 palliis
797 2055 1009 2088 uterentur.
1062 2050 1122 2087 Ex
1143 2063 1220 2100 quo
1237 2048 1347 2100 turpi
1367 2044 1599 2086 commercio
1626 2042 1688 2081 vi·

266 2120 507 2170 tuperandus
534 2132 616 2156 mos
637 2116 822 2165 inolevit,
851 2122 897 2153 ut
923 2129 1004 2154 non
1030 2116 1155 2153 solum
1182 2106 1448 2162 Patriarchae,
1477 2112 1544 2150 sed
1572 2110 1688 2149 etiam

266 2186 448 2238 Episcopi
478 2186 597 2223 totius
620 2185 801 2223 Graeciae
826 2182 955 2234 palliis
973 2188 1146 2220 utantur.
1203 2182 1320 2229 Quod
1343 2194 1456 2232 quam
1479 2177 1688 2216 absurdum

235 2239 252 2277 ,⁹
267 2253 342 2301 sit,
373 2265 531 2289 censore
555 2265 651 2302 opus
674 2265 755 2288 non
783 2257 853 2288 est.
907 2251 976 2287 Est
996 2263 1084 2299 ergo
1111 2262 1237 2287 meum
1260 2248 1486 2295 consilium,
1515 2250 1689 2284 sanctam

266 2319 352 2358 fieri
372 2319 583 2370 Synodum,
614 2322 651 2353 et
671 2317 720 2353 ad
738 2317 907 2355 eamdem
928 2315 1063 2355 vocari
1079 2315 1344 2366 Polyeuctum,
1372 2313 1476 2365 quod
1494 2312 1528 2349 si
1541 2310 1686 2357 venire,

267 2392 307 2425 et
339 2381 544 2437 σφάλματα
569 2397 653 2429 sua,
681 2383 724 2420 id
746 2389 808 2420 est
833 2383 929 2421 vitia
956 2382 1130 2434 superius
1147 2381 1312 2434 scripta,
1343 2379 1526 2418 canonice
1553 2388 1688 2414 emen-

270 2452 363 2490 dare
386 2451 586 2500 noluerit,
604 2450 708 2500 quod
733 2449 963 2487 sanctissimi
985 2451 1156 2487 Canones
1182 2447 1446 2495 decreverint,
1474 2445 1553 2483 fiat.
1605 2442 1686 2480 Vos

267 2518 445 2568 interim,
481 2522 750 2570 praepotentes
782 2516 964 2566 Augusti,
1000 2521 1045 2552 ut
1074 2515 1276 2566 coepistis,
1305 2514 1494 2552 laborate:
1531 2509 1686 2559 efficite,

266 2591 334 2634 ut,
363 2585 400 2623 si
421 2584 521 2623 nolit
547 2583 657 2623 vobis
683 2581 944 2634 Nicephorus,
974 2595 1086 2633 quem
1118 2581 1302 2620 canonice
1326 2591 1485 2631 arguere
1513 2575 1685 2628 disponi-

311 2713 375 2757 39)
405 2694 499 2750 Fuit.
522 2723 675 2759 quarum.
705 2712 749 2747 M
752 2725 776 2747 u
784 2723 813 2746 r.
