1768 3034
296 134 361 181 80
778 138 979 184 LEONIS
1007 138 1245 182 DIACONI

79 259 117 289 A·
137 256 181 288 M
202 253 290 290 6477
299 249 448 294 λικοῦ’
430 268 493 292 επι
515 247 679 303 ἁμαξῶν
701 246 1018 303 ἀναβιβάσαντες
1035 245 1281 303 (εἶθισμὲνον
1305 246 1350 289 δὲ
1372 248 1522 302 γυναιξὶ
1541 248 1714 298 ῙΙἸυσῶν,

123 303 188 334 1⁰⁴¹
209 302 253 335 12
298 318 359 374 ἐφ
385 316 548 371 ἁμαξῶν
578 316 809 373 ὀχεῖσθαι),
847 321 905 373 τῷ
943 312 1208 370 αὐτοκράτορι
1233 313 1455 373 Νικηφόρω
1487 314 1714 367 ἐξέπεμπον,

292 386 497 439 ἀπαμῦναι
516 375 656 440 σφίσιν
671 383 731 426 ὅτι
758 381 926 436 τάχιστα
953 380 1231 435 ποτνιώμενοι,
1270 383 1336 422 καὶ
1358 381 1428 423 τὸν
1454 387 1539 429 τοῖς
1557 380 1715 434 αὖχέσιν

165 465 206 498 Ρ.
229 463 273 500 49
297 453 430 494 αὐτῶν
460 453 697 505 ἐπικείμενον
728 451 891 492 πέλεκυν
923 453 1003 491 τῶν
1043 447 1215 504 Ταύρων
1249 448 1477 504 ἀποτρέψαι
1509 449 1575 489 καὶ
1605 447 1715 489 κενὸν

259 522 262 529 ’
290 517 610 575 ἀπεργάσασθαι.
647 520 714 559 καὶ
734 535 807 559 καν
833 514 1004 570 ἐπήμυνε
1025 514 1204 566 τούτοις,
1230 517 1295 556 καὶ
1315 513 1487 571 τρόπαια
1509 514 1613 556 κατὰ
1634 519 1749 559 τῶν5

292 585 467 641 Ταύρων
488 584 698 639 ἐστήσατο,
735 585 815 626 ἐπεὶ
837 586 901 625 καὶ
921 583 1024 625 κατὰ
1041 581 1220 634 πάντων,
1253 582 1354 638 πρὸς
1373 581 1444 631 οὓς
1465 580 1515 624 ἂν
1531 581 1605 635 τὴν
1616 579 1716 623 Ῥω-
1767 605 1768 640 3

73 658 142 692 Fol.
159 655 228 693 294
250 668 276 691 r.
289 653 436 708 μαΐκὴν
459 650 628 706 ἀντεπήν
630 669 711 707 εγκε
732 650 912 704 δύναμιν.
962 649 1055 692 ἀλλ’
1076 649 1154 691 ἀπὸ
1173 654 1319 705 μικρᾶς
1338 649 1464 705 ῥοπῆς
1492 647 1715 704 αἰωρούμε-

287 739 339 763 να
361 720 414 761 v&
442 718 701 775 ἀνθρώπινα,
740 720 805 760 καὶ
835 716 889 766 ὥς
919 716 960 758 ἴκ
983 733 1089 765 τινος
1115 718 1232 758 εἴπεῖν
1253 720 1397 771 λεπτῆς
1418 714 1564 771 κρόκης
1582 716 1714 771 ἐκκρε-

287 785 519 842 μαννύμενα
528 819 542 838 ,
580 788 646 827 καὶ
665 788 719 834 εἷς
739 785 784 826 τὸ
805 786 981 826 ἐναντιόν
1005 783 1123 826 εἴωθε
1142 790 1380 839 περιχωρεῖν.
1437 783 1716 839 ἀνεπισφαλῶς

288 853 365 910 γάρ
383 870 482 901 τινες
504 853 653 894 οἴονται
674 853 827 905 νέμεσίν
847 869 935 893 τινα
952 852 1070 893 θείαν
1093 852 1157 891 καὶ
1173 849 1331 906 φθόνον
1353 848 1609 906 ἀνθρώπινον
1631 856 1716 899 τοῖς
1728 858 1768 894 10

289 919 496 974 ἐπισήμοις
525 922 590 961 καὶ
618 917 906 972 ἀλκιμωτάτοις
936 916 1104 973 ἀνδράσι
1125 919 1446 973 προσίστασθαι,
1483 915 1717 972 σφάλλοντα

291 987 485 1038 τούτους,
533 989 598 1028 καὶ
629 986 937 1043 περιτρέποντα,
988 987 1054 1027 καὶ
1090 986 1144 1033 εἷς
1174 984 1219 1025 τὸ
1252 985 1378 1038 μηδὲν
1410 982 1711 1026 συνελαύνοντα.

256 1053 363 1097 Boia
392 1055 441 1108 δὴ
471 1056 536 1094 καὶ
566 1052 654 1095 τότε
683 1058 740 1111 τῷ
769 1051 1034 1108 αὐτοκράτορι
1062 1049 1307 1107 Νικηφόρῳ,
1342 1051 1445 1092 κατὰ
1476 1050 1573 1107 ῥοῦν
1604 1050 1715 1107 αὐτῷ

290 1121 518 1178 φερομένων
546 1125 627 1163 τῶν
658 1118 925 1176 πραγμάτιον,
973 1121 1039 1160 καὶ
1068 1117 1122 1166 ὥς
1153 1118 1224 1159 οὐκ
1245 1117 1353 1174 ἄλλῳ
1380 1122 1460 1159 τῶν
1481 1117 1559 1173 πρὸ
1589 1117 1714 1159 αὖτοῦ

287 1185 657 1243 ἡριεμονευσάντων,
695 1187 953 1240 συμβέβηκεν.
1011 1185 1086 1240 ἐγὼ
1117 1185 1161 1226 δὲ
1192 1183 1311 1226 τοῦτό
1344 1201 1468 1240 φημι,
1514 1183 1574 1226 ὅτι
1605 1185 1711 1239 ἀμη-
1723 1195 1768 1231 15

284 1254 396 1311 χάνῳ
417 1259 488 1295 τοῦ
509 1257 731 1310 κρείττονος
748 1254 978 1311 προμηθείᾳ
990 1252 1067 1307 ἤδη
1088 1258 1172 1300 τοῖς
1190 1250 1420 1307 ἀνθρώποις
1432 1252 1648 1307 εὖροοῦντα
1660 1252 1712 1311 τὰ

286 1320 503 1378 πράγματα
523 1323 577 1369 εἷς
598 1321 827 1363 τούναντίον
849 1320 1180 1375 ἀντιπερίίσταται
1191 1351 1205 1370 ,
1244 1316 1299 1366 ὥς
1318 1317 1444 1374 ταύτῃ
1463 1321 1712 1361 παιδευθεῖεν

287 1390 433 1442 θνητοὶ
465 1387 573 1436 ὄντες
606 1390 672 1429 καὶ
701 1386 958 1443 πρόσκαιροι,
1005 1388 1070 1427 καὶ
1103 1385 1160 1439 μὴ
1191 1386 1409 1441 περαιτέρω
1447 1390 1607 1443 φυσῷεν
1637 1390 1711 1428 τοῦ

286 1454 570 1512 προσήκοντος.
622 1455 699 1508 ἤδη
719 1453 795 1510 γάρ
819 1470 919 1502 τινες
946 1452 1174 1508 εὐπραγίαις
1195 1450 1400 1505 ἐπιβάντες
1422 1455 1487 1494 καὶ
1516 1453 1619 1495 κατὰ
1637 1454 1712 1502 τὰς

284 1521 418 1576 μάχας
445 1519 794 1575 εὐδοκιμήσαντες,
833 1518 963 1568 ’θεοὺς
997 1520 1163 1561 ἀνειπεῖν
1194 1517 1340 1568 αὖτοὺς
1368 1519 1440 1561 οὐκ
1469 1518 1766 1576 ἐνάρκησαν,20

285 1592 340 1637 εἷς
374 1587 498 1641 αὐτὴν
528 1587 600 1640 τὴν
632 1586 822 1643 πρόνοιαν
853 1588 1138 1642 ἐξυβρίσαντες.
1203 1584 1454 1642 παράδειγμα
1487 1586 1641 1629 τούτων
1671 1588 1712 1630 οἱ

284 1659 356 1697 τοῦ
379 1655 556 1703 Ἀλωέως
594 1657 732 1703 παῖδες
751 1650 874 1702 Ἰ,Ωτος
913 1656 978 1695 καὶ
1001 1652 1215 1709 Ἐφιάλτης
1225 1685 1238 1704 ,
1284 1655 1339 1701 εἷς
1371 1653 1567 1709 οὐρανοὺς
1606 1655 1708 1697 κατὰ

250 1722 357 1766 Οτὸν
382 1726 520 1776 μῦθον
540 1720 771 1778 πειρώμενοι
800 1721 1004 1773 ἀνελθεῖν,
1041 1722 1107 1762 καὶ
1124 1719 1491 1777 Ναβουχοδονόσορ
1522 1719 1543 1764 ὃ
1565 1724 1709 1775 Βαβυ-

375 1840 408 1874 5.
439 1838 609 1881 ἐπίμυνοιι
639 1839 713 1872 cod.
812 1839 844 1872 8.
877 1837 1024 1882 λεπτῆς]
1059 1837 1184 1892 λευτῆς
1217 1821 1293 1871 cod.
1394 1839 1447 1873 13.
1481 1835 1603 1872 αυτοΐν
1633 1837 1708 1872 cod.

379 1883 431 1918 14.
457 1896 608 1927 φαιρομε
604 1882 684 1917 ’νων
706 1882 780 1916 cod.
828 1883 959 1916 Deinde
985 1886 1063 1928 post
1088 1880 1402 1928 ἡγεμονευσάντων
1434 1882 1566 1917 videtur
1590 1883 1709 1918 deesse

375 1930 523 1962 verbum.
613 1930 668 1964 20
700 1924 745 1962 ἆν
767 1928 881 1963 εἰπεῖν
905 1927 977 1961 cod.

287 2031 341 2060 tas
363 2027 620 2069 (consueverunt
638 2031 746 2059 autem
764 2027 916 2061 mulieres
936 2027 1124 2060 Moesorum
1150 2025 1307 2070 plaustris
1323 2025 1420 2068 vehi)
1435 2025 1627 2069 Nicephoro
1641 2026 1708 2061 Im-

284 2072 431 2124 perator}
451 2072 627 2103 miserunt:
652 2077 767 2112 orant,
789 2072 1026 2116 quamprimum
1046 2071 1110 2103 sibi
1126 2071 1327 2110 subveniret,
1350 2070 1489 2103 securim
1509 2072 1706 2112 Taurorum,

284 2116 352 2149 suis
373 2116 556 2149 cervicibus
573 2116 825 2159 impendentem,
844 2121 1034 2155 averteret,
1056 2116 1250 2159 irritamque
1275 2115 1442 2148 redderet.
1488 2117 1537 2148 Ac
1556 2117 1706 2160 profecto

284 2160 313 2194 si
332 2161 512 2204 opitulatus
532 2165 621 2192 esset
643 2161 727 2201 illis,
751 2161 829 2194 item
845 2167 981 2204 tropaea
999 2161 1041 2193 de
1061 2160 1186 2193 Tauris
1208 2160 1453 2211 constituisset,
1476 2164 1515 2192 ut
1536 2162 1578 2193 de
1602 2162 1706 2193 omni-

283 2206 371 2245 bus,
410 2206 532 2249 quibus
562 2205 711 2237 Romana
736 2205 832 2248 signa
856 2206 1026 2238 intulerat.
1072 2205 1192 2237 Verum
1219 2205 1383 2237 enimvero
1412 2216 1518 2248 parvo
1542 2209 1704 2239 momento

285 2261 464 2294 suspensae
486 2261 542 2282 res
570 2250 747 2289 humanae,
770 2250 926 2293 tenuique
953 2250 1030 2289 filo,
1054 2253 1092 2281 ut
1114 2249 1162 2281 ita
1178 2248 1302 2288 dicam,
1327 2249 1496 2289 sublatae,
1519 2250 1553 2282 in
1571 2255 1705 2283 contra-

283 2295 366 2329 riam
381 2305 511 2338 quoque
531 2299 657 2337 partem
677 2295 783 2327 solent
800 2294 962 2328 inclinari.
1007 2294 1113 2326 Recte
1129 2294 1215 2326 enim
1230 2294 1375 2326 nonnulli
1397 2294 1594 2337 opinantur,
1618 2295 1705 2328 sicut

284 2339 546 2391 malevolentiam
565 2337 729 2382 quandam
744 2339 906 2379 numinis,
928 2339 1006 2371 item
1025 2338 1180 2371 invidiam
1198 2338 1360 2371 hominum
1379 2338 1567 2372 clarissimis
1587 2344 1706 2383 poten-

284 2384 488 2427 tissimisque
506 2383 587 2416 viris
604 2383 786 2423 adversari,
810 2395 932 2428 eosque
947 2383 1112 2426 decipere,
1138 2387 1300 2423 evertere,
1324 2384 1368 2416 ad
1385 2383 1522 2417 nihilum
1537 2384 1702 2436 redigere.

285 2428 386 2468 Quod
412 2428 499 2461 idem
534 2432 612 2461 tunc
640 2439 770 2471 quoque
798 2428 991 2472 Nicephoro
1018 2427 1234 2471 Imperatori,
1266 2439 1338 2460 cum
1361 2428 1503 2462 secundo
1532 2439 1631 2461 cursu
1653 2427 1705 2460 illi

284 2473 391 2506 omnia
414 2472 577 2512 fluerent,
598 2472 702 2515 magis
729 2483 827 2516 quam
850 2473 909 2506 ulli
932 2484 1044 2505 eorum
1066 2472 1122 2516 qui
1146 2476 1223 2504 ante
1249 2472 1470 2524 principatum
1488 2468 1704 2512 obtinuerint,

285 2518 418 2550 accidit.
465 2517 541 2561 Ego
562 2528 641 2550 vero
661 2516 744 2549 illud
768 2517 862 2557 dico,
885 2517 1045 2560 singulari
1073 2516 1214 2550 numinis
1239 2517 1452 2561 providentia
1470 2517 1632 2550 hominum
1648 2529 1703 2550 se-

284 2563 408 2595 cundas
424 2573 479 2595 res
493 2562 528 2594 in
539 2561 740 2594 contrarium
759 2562 858 2602 verti,
881 2562 930 2594 uti
942 2562 989 2594 sic
1005 2562 1147 2603 discant,
1168 2562 1323 2595 mortales
1340 2574 1378 2595 se
1394 2574 1468 2596 esse
1484 2567 1584 2605 atque
1600 2561 1702 2595 cadu-

283 2618 362 2646 c05‚
386 2618 494 2650 neque
524 2607 597 2650 plus
626 2605 783 2638 inflentur
807 2617 904 2650 quam
925 2607 970 2639 sit
990 2606 1081 2639 satis.
1127 2586 1195 2639 I'am
1224 2607 1309 2640 enim
1335 2607 1466 2659 quidam
1495 2604 1702 2650 prosperita-

282 2651 373 2682 tibus
390 2651 438 2683 usi
454 2651 654 2695 praeliisque
671 2650 752 2683 clari
775 2651 864 2684 Deos
883 2663 918 2684 se
939 2651 1134 2694 praedicare
1159 2662 1224 2684 non
1251 2655 1327 2684 sunt
1350 2651 1468 2691 veriti,
1493 2652 1597 2694 ipsam
1621 2661 1701 2694 pro-

284 2694 463 2729 videntiam
481 2696 694 2729 lacessentes.
739 2695 844 2728 Cuius
860 2695 910 2728 rei
926 2696 1076 2738 exempla
1091 2700 1168 2729 sunt
1182 2696 1276 2728 Aloei
1290 2696 1350 2728 filii
1367 2697 1455 2728 Otus
1472 2700 1506 2728 et
1515 2695 1703 2739 Ephialtes,

284 2737 318 2771 in
335 2739 481 2782 coelum,
505 2741 536 2774 si
552 2741 696 2775 fabulam
715 2740 866 2774 audimus
876 2764 887 2781 ,
911 2741 1092 2775 ascendere
1106 2741 1236 2782 conati,
1259 2745 1294 2775 et
1308 2740 1617 2775 Nabuchodonosor
1633 2739 1702 2772 Ba-
