1768 3034
264 132 327 180 34
536 135 737 180 LEONIS
765 134 1002 177 DJACONI
1031 131 1252 175 HISTOR.
1281 131 1332 174 11.
1371 99 1436 177 iz

57 259 89 288 Α.
112 257 154 288 Μ.
174 251 261 290 6471
273 244 358 290 οἷον
377 242 442 289 καὶ
471 251 555 295 τοῖς
574 241 783 301 προγόνοις
805 241 949 285 αῧτῶν.
996 241 1076 282 ἐπεὶ
1103 239 1149 281 δὲ
1176 240 1242 280 καὶ
1270 237 1321 280 τὰ
1347 236 1579 294 βαρβαρικὰ
1599 239 1708 294 φῦλα

97 303 162 333 lud.
187 302 209 334 6

69 348 101 377 A.
120 349 156 377 C.
180 345 247 380 963

270 316 476 369 ληίζεσθαι
504 313 576 367 τὴν
592 311 814 365 Ῥωμαϊκὴν
846 310 917 351 οὐκ
940 308 1153 361 ἀπέχονται
1180 310 1276 361 γῆν,
1316 303 1599 359 συμβουλεύω,
1637 305 1708 346 τὸν

79 392 215 425 1.Rom.
241 382 403 437 4οίνδρα
434 382 592 422 τουτοιὶ
621 377 710 435 (τὸν
738 375 975 433 Νικηφόρον
1002 373 1277 427 υποδεικνῦς),
1326 373 1511 428 ἀγχίνουν
1539 388 1581 414 τε
1610 371 1709 413 όντα

271 451 335 492 καὶ
356 450 395 504 ἀγ
399 448 513 489 αθὸν
537 447 588 488 τὰ
607 446 797 498 πολέμια,
836 445 901 485 καὶ
921 444 1032 491 νίκας
1059 441 1118 484 ὅτι
1140 443 1326 489 πλείστας
1343 439 1662 496 ἐπανῃρημένον,
1686 437 1709 480 ὃ

271 518 337 559 καὶ
359 516 473 557 αὐτοὶ
498 517 818 567 συνομολογεΐτε,
858 511 923 552 καὶ
955 515 1098 552 τοῦτον
1127 513 1207 551 τῶν
1235 508 1368 550 ἄλλων
1388 506 1606 558 ἓκθειάζετε
1625 504 1744 560 ,ml-5

272 588 412 634 λιστα,
452 580 584 637 ὅρκοις
605 578 1032 635 κατασᾳαλισαμείὀυς
1061 575 1117 631 μή
1147 593 1184 618 τι
1213 575 1315 617 κατὰ
1345 579 1418 616 τοῦ
1442 573 1616 631 κράτους
1644 574 1711 614 καὶ

234 655 347 704 Βτῆς
375 653 526 703 βουλῆς
555 651 766 701 μελετῆσαι
796 644 1022 699 ἀβούλητον
1029 677 1043 697 ,
1082 644 1250 685 ἀνειπεῖν
1276 640 1556 699 αὐτοκράτορα
1585 657 1711 697 στρα-

270 717 405 800 τηγὸν,
430 717 494 757 καὶ
517 716 589 763 τὰς
607 719 679 768 τῆς
693 714 829 761 Ἀσίας
848 711 1071 765 δυνάμεις’
1054 712 1262 767 εγχειρίσαι
1281 710 1405 766 αὐτῶ,
1444 708 1499 758 ὦς
1518 707 1710 763 ἆμυνοιτο

273 786 337 826 καὶ
367 784 608 836 ἀναχαιτίζοι
638 786 718 823 τῶν
749 778 987 836 ἀὶὶοφῦλων
1021 779 1094 833 τὴν
1117 779 1277 834 ἔφοδον,
1323 776 1475 831 ταύτην
1497 777 1574 833 γὰρ
1599 775 1709 832 αὐτῶ

271 853 337 892 καὶ
363 849 383 891 ὃ
417 850 466 891 αι’·
472 847 677 905 τοκράτωρ
706 846 930 901 Ριομανός,
969 846 1025 889 ἔτι
1057 846 1207 899 βιους,
1235 846 1438 900 ἐνεχείρισε
1468 844 1542 898 τὴν
1574 843 1706 897 τιμὴν,
1723 849 1768 883 10

273 920 338 960 καὶ
358 921 421 959 τε)
425 921 548 958 ευτῶν
567 933 608 957 εν
628 922 715 964 ταῖς
739 913 955 968 διαθηκαις
979 913 1176 970 ὡρίσατο,
1213 912 1270 966 μὴ
1291 918 1512 966 μετακινεῖν
1533 916 1606 965 τῆς
1625 927 1710 952 τοι-

276 983 402 1038 αὖτης
431 984 672 1039 στρατηγίας
701 982 1026 1037 εὖγνωμονοῦντα
1045 982 1115 1023 τὸν
1137 980 1399 1036 ἄνθρωπον.”
1433 977 1586 1033 ταύτην
1607 978 1711 1020 ἀνει-

272 1050 420 1100 πόντος
437 1055 507 1093 rofi
526 1048 774 1106 πατριάρχου
795 1049 868 1103 τὴν
885 1047 1059 1104 γνώμην,
1098 1046 1319 1103 ἕπεψήφιζέ
1333 1064 1374 1088 τε
1392 1044 1418 1100 ἦ
1438 1046 1581 1100 βουλὴ,
1615 1061 1711 1086 συν-

273 1118 356 1176 ῄνει
387 1119 430 1160 δὲ
451 1119 526 1165 καὶ,
546 1117 667 1166 αὐτὸς
697 1115 717 1158 ὃ
744 1115 1101 1172 παρακοιμώμενος
1115 1115 1290 1170 Ἰωσὴφ,
1330 1114 1404 1168 οὐχ
1430 1112 1551 1165 ἒκών,
1589 1117 1639 1168 τῇ
1669 1112 1713 1153 δὲ

274 1186 379 1243 ῥοπῇ
398 1189 469 1239 τῆς
488 1182 708 1240 συγκλήτου
730 1182 1018 1237 ἐκβιαζόμενος.
1067 1184 1133 1224 καὶ
1153 1182 1202 1236 δὴ
1223 1181 1356 1238 ὅρκοις
1375 1179 1714 1237 φρικωδεστάτοις
1725 1190 1768 1227 15

145 1257 184 1290 P.
208 1255 254 1293 21
278 1253 348 1295 τὸν
365 1250 602 1308 Νικηφόρον
622 1248 943 1305 ε’μπεδωσάμενοι
953 1283 967 1303 ,
1003 1248 1061 1304 μή
1090 1266 1186 1291 ποτε
1207 1247 1423 1304 περιόντων
1442 1252 1523 1290 τῶν
1543 1251 1713 1302 νεογνῶν

65 1662 133 1695 Fol.
151 1661 219 1698 281
235 1672 267 1696 v.

274 1321 429 1362 παίδων
459 1321 524 1360 καὶ
546 1318 744 1373 βασιλέων
774 1315 961 1359 ἀπαίσιόν
989 1334 1027 1358 τι
1049 1316 1153 1358 κατὰ
1180 1319 1253 1357 τοῦ
1277 1320 1392 1371 σφῶν
1419 1314 1593 1370 κράτους
1610 1319 1713 1369 βου-

274 1385 522 1429 maiomam*
568 1382 858 1438 ε’πομοσάμενοι
890 1385 934 1425 δὲ
970 1385 1037 1425 καὶ
1069 1383 1206 1435 αὐτοὶ,
1242 1383 1398 1436 μηδένα
1432 1383 1513 1424 τῶν
1543 1384 1585 1424 ἒν
1614 1382 1722 1424 τέλει.

277 1454 516 1501 ἇπεναντιάς
537 1456 610 1506 τῆς
633 1452 778 1493 ἐκείνου
800 1449 961 1505 γνώμης
978 1456 1220 1504 μετακινεῖν,
1258 1448 1284 1503 ἢ
1304 1449 1405 1506 πρὸς
1431 1451 1592 1503 μείζονα
1613 1450 1712 1491 ἐπα-

274 1518 501 1573 ναβιβάζειν
519 1518 657 1575 ἀρχὴν,
694 1517 796 1572 μετὰ
815 1518 859 1559 δὲ
876 1520 942 1559 καὶ
962 1522 1034 1571 τῆς
1047 1518 1172 1559 αὐτοῦ
1192 1517 1440 1570 διασκέψεως
1451 1522 1563 1573 κοινῇ
1575 1514 1768 1571 γνώμῃ-20

277 1585 499 1629 διευθύνειν
529 1603 581 1627 τα
609 1589 681 1627 τοῦ
711 1588 867 1636 κοινοῦ,
917 1583 1198 1641 αὐτοκράτορα
1227 1584 1453 1640 στρατηγὸν
1482 1588 1555 1638 τῆς
1577 1584 1715 1632 Ἀσίας

280 1658 424 1697 τοῦτον
443 1650 762 1709 ἇνακηρύξαντες
777 1649 848 1693 τόν
866 1668 907 1692 τε
928 1650 1068 1706 σύλλογ
1069 1668 1122 1693 ον
1139 1649 1369 1705 διαλυουσι,
1406 1652 1495 1704 καὶ,
1531 1655 1613 1693 τῶν
1632 1655 1713 1704 βα-

277 1722 431 1765 σιλείων
452 1717 696 1776 ἀπάραντες,
735 1719 795 1775 εᾳῗ
819 1716 954 1769 ἑστίας
975 1717 1154 1775 ἀπηεσαν
1172 1719 1343 1761 ε’καστοι.

365 1806 400 1840 5.
433 1802 642 1846 ἕκθεάζεται
663 1802 737 1838 cod.

279 1871 458 1907 maioribus
490 1882 620 1912 eorum,
651 1870 846 1905 tribuamus.
908 1868 1073 1911 Quoniam
1095 1880 1176 1904 vero
1200 1869 1366 1905 barbarae
1390 1871 1508 1914 gentes
1531 1868 1714 1904 Romanam

279 1918 439 1950 ditionem
464 1916 610 1960 diripere
635 1927 700 1949 non
719 1919 873 1956 cessant,
903 1922 1021 1948 auctor
1044 1915 1140 1948 vobis
1164 1927 1254 1969 sum²
1286 1920 1324 1948 ut
1341 1915 1447 1949 virum
1466 1916 1553 1948 hunc
1572 1915 1714 1958 (osten-

281 1974 318 1995 so
345 1961 583 2004 Nicephor0)‚
616 1965 654 1993 ut
681 1961 814 1994 solertis
840 1960 969 2003 ingenii
994 1961 1065 2000 est,
1096 1960 1146 1993 rei
1170 1960 1324 1994 militaris
1347 1960 1496 2012 apprime
1521 1970 1647 2003 gnarus
1673 1970 1714 1992 ac

280 2006 369 2040 bello
406 2005 525 2046 fortis,
565 2005 833 2058 quandoquidem
865 2004 1024 2038 victorias
1054 2015 1151 2048 quam
1188 2005 1347 2048 plurimas
1376 2004 1514 2045 retulit,
1555 2005 1646 2056 quod
1678 2007 1715 2039 et

282 2050 465 2094 agnoscitis
493 2061 555 2082 vos
583 2050 669 2093 ipsi,
701 2061 841 2102 eumque
865 2061 948 2094 prae
977 2049 1119 2082 caeteris
1146 2053 1185 2082 ut
1202 2050 1307 2082 Deum
1331 2048 1555 2089 veneramini,
1585 2048 1714 2083 iureiu-

282 2095 388 2128 rando
415 2095 578 2127 obstricta
600 2095 685 2134 fide,
708 2095 790 2128 nihil
812 2093 990 2128 inconsulti
1009 2094 1169 2127 adversus
1192 2094 1362 2146 principes
1381 2105 1422 2126 ac
1447 2098 1597 2128 senatum
1618 2093 1713 2127 moli-

283 2143 414 2180 turum,
447 2139 563 2172 ducem
588 2150 709 2172 summo
735 2151 807 2172 cum
834 2139 975 2183 imperio
1002 2138 1249 2179 renunciemus,
1284 2139 1383 2183 eique
1404 2139 1573 2172 tradamus
1598 2139 1716 2192 copias

280 2184 445 2218 Asiaticas
456 2207 467 2224 ,
490 2184 610 2227 quibus
627 2185 844 2217 barbarorum
860 2184 1015 2227 impetum
1033 2188 1190 2217 coerceat
1206 2195 1246 2216 ac
1260 2184 1414 2236 repellat.
1460 2184 1558 2217 Hanc
1578 2184 1663 2217 enim
1680 2183 1713 2218 ei
1756 2191 1768 2196 ·

282 2228 478 2271 dignitatem
499 2229 666 2261 Romanus
690 2240 822 2272 quoque
842 2229 1026 2280 Imperator
1050 2232 1086 2261 et
1104 2228 1200 2261 vivus
1224 2228 1362 2269 tribuit,
1387 2232 1423 2261 et
1440 2228 1585 2262 moriens
1605 2232 1712 2262 testa-

282 2278 392 2306 mento
415 2273 523 2314 cavit,
555 2284 598 2305 ne
620 2273 674 2306 vir
694 2273 817 2317 optime
843 2273 1004 2306 animatus
1024 2272 1215 2306 eiusmodi
1206 2273 1344 2317 imperio
1366 2278 1566 2307 moveretur.
1576 2274 1597 2289 ”
1642 2274 1712 2307 Pa-

282 2317 460 2351 triarcham
484 2317 519 2350 in
545 2318 629 2350 haec
654 2319 760 2351 verba
793 2318 989 2351 sententiam
1019 2318 1181 2351 ferentem
1213 2329 1286 2351 cum
1310 2323 1445 2351 senatus
1471 2319 1712 2363 comprobavit,

243 2397 255 2409 χ
282 2367 352 2395 tum
367 2374 448 2396 vero
467 2362 566 2395 etiam
585 2362 659 2406 ipse
678 2363 838 2406 Iosephus
857 2362 1000 2396 cubiculi
1025 2363 1216 2406 praefectus
1235 2374 1388 2396 assensus
1411 2368 1485 2403 est,
1509 2375 1575 2397 non
1593 2367 1713 2416 sponte

242 2430 249 2438 ι
283 2407 341 2440 ille
363 2407 504 2451 quidem,
530 2407 590 2440 sed
607 2407 716 2440 studio
734 2407 841 2440 senati
854 2407 1096 2440 coactus.1ta
1114 2407 1327 2441 horribilibus
1339 2408 1532 2442 iuramentis
1549 2408 1711 2442 obstricto

242 2479 251 2489 ‚7
285 2451 498 2496 Nicephoro‚
521 2463 564 2484 ue
583 2451 765 2485 infantibus
783 2452 896 2495 pueris
914 2451 1075 2504 Augustis
1092 2452 1326 2495 superstitibus
1350 2454 1477 2498 aliquid
1493 2453 1572 2487 mali
1589 2453 1711 2486 adver-

286 2508 344 2529 sus
360 2497 564 2530 maiestatem
582 2508 693 2529 eorum
707 2497 897 2537 moliretur,
921 2508 993 2530 cum
1012 2496 1078 2540 ipsi
1099 2497 1327 2538 adiurassent,
1351 2499 1511 2532 neminem
1531 2509 1569 2531 se
1589 2497 1712 2550 prima-

285 2541 408 2574 riorum
424 2541 589 2575 hominum
606 2541 798 2585 Nicephoro
817 2542 921 2575 invito
939 2543 994 2575 vel
1012 2544 1158 2574 moturos
1177 2542 1269 2583 loco,
1291 2543 1347 2576 vel
1368 2543 1411 2576 ad
1426 2543 1580 2576 maiorem
1601 2541 1710 2585 digni-

285 2588 387 2619 tatem
408 2590 647 2630 provecturos,
670 2597 785 2619 verum
808 2586 880 2619 eius
910 2586 1048 2619 consilio
1068 2586 1110 2619 de
1129 2586 1288 2620 communi
1315 2588 1479 2621 sententia
1498 2586 1712 2620 administra-

286 2633 378 2663 turos
396 2631 653 2683 rempublicam3
675 2631 761 2664 hunc
780 2630 838 2663 ubi
859 2631 974 2665 ducem
999 2630 1099 2664 Asiae
1120 2642 1243 2665 summo
1264 2643 1336 2665 cum
1353 2632 1491 2684 imperio
1510 2630 1712 2676 pronuncia-

286 2675 613 2756 verant,const1'hum
627 2675 838 2716 dimiserunt,
861 2687 918 2717 ac,
942 2675 1068 2721 palatio
1084 2676 1235 2720 egressi,
1256 2677 1301 2711 ad
1316 2688 1410 2712 suam
1425 2676 1568 2723 quisque
1582 2676 1712 2710 domum

284 2729 321 2751 se
335 2729 518 2764 receperim
