1748 3094
236 119 335 166 376
487 124 791 169 EXCERPTA
817 124 901 168 EX
927 121 1413 169 HISTOR.'·ARABUM

237 241 289 266 ex
308 226 510 266 annalibus
534 228 616 267 eius
632 227 907 267 Halebensibus
934 239 1024 266 cum
1044 227 1300 280 scriptoribus
1326 241 1458 268 rerum
1473 227 1662 280 Byzanti-

235 307 376 334 narum
398 308 622 347 comparare
640 296 776 337 velint.

345 361 541 413 Excerpta
559 375 608 400 ex
628 361 767 413 quovis
786 366 945 400 auctore
971 360 1176 413 separatim
1193 359 1374 412 exhibui,
1401 361 1477 401 hoc
1493 361 1661 415 potissi-

236 442 342 469 mum
371 428 557 479 consilio,
585 434 631 467 ut
649 428 804 467 facilius
828 428 1063 479 intelligeret
1082 429 1229 478 lector,
1259 441 1357 479 quae
1376 428 1423 468 de
1444 420 1597 481 quaque
1615 441 1661 466 re

235 502 341 547 gesta
360 497 518 547 quisque
534 495 673 534 tradat.
727 495 764 534 A
783 495 888 534 notis
908 495 1159 548 supervacuis
1176 495 1362 534 addendis
1381 509 1517 534 manus
1537 495 1661 533 absti-

234 565 325 614 nui3
363 560 521 602 minime
548 561 651 600 enim
680 567 788 600 ratus
825 575 934 611 sum,
961 561 1068 600 hunc
1105 562 1200 601 mihi
1239 562 1374 601 datum
1404 575 1485 601 esse
1513 563 1660 612 locum,

234 637 282 670 ut
307 630 566 681 coguitionem
594 628 812 667 litterarum
832 628 1089 666 Orientalium
1116 630 1421 681 qualemcunque
1443 628 1658 679 probarem,

234 711 361 749 neque
382 697 503 735 ullam
533 710 621 734 cum
643 695 899 747 scriptoribus
927 695 1116 734 historiae
1135 695 1373 746 Byzantinae
1396 694 1661 747 comparatio-

234 777 324 802 nem
357 763 536 814 institui‚
572 762 719 815 quippe
751 763 858 814 quod
885 762 983 802 fines
1019 761 1251 816 provinciae
1284 761 1382 801 mihi
1409 762 1660 802 demandatae
1715 763 1720 767 ’

233 832 448 870 excederet.

344 899 498 947 Restat,
527 902 574 936 ut
598 896 721 937 tribus
739 898 868 938 verbis
890 897 1018 937 dicam
1040 896 1088 937 de
1107 897 1371 947 Seifeddaula,
1402 896 1558 935 domino
1575 896 1661 935 Ha-

232 965 331 1014 lebi,
370 972 482 1018 patre
514 964 892 1015 Saahd-addaulae,
932 965 1044 1003 cuius
1072 965 1224 1016 saepius
1258 965 1306 1012 in
1330 964 1435 1006 hisce
1466 964 1660 1015 excerptis
1736 975 1739 977 ’

233 1032 378 1071 mentio
405 1034 506 1071 facta
527 1037 599 1070 est.
656 1031 855 1071 oriundus
879 1032 912 1070 is
933 1032 1010 1070 fuit
1029 1045 1077 1070 ex
1093 1032 1214 1070 nobili
1230 1031 1377 1070 familia
1395 1030 1661 1069 Hamdanida-

233 1113 346 1148 rum,
384 1099 448 1138 cui
473 1111 616 1136 nomen
640 1098 811 1136 inditum
839 1104 897 1136 est
926 1099 973 1135 ab
1004 1104 1186 1146 auctore,
1214 1099 1436 1148 Hamdano,
1466 1111 1541 1136 avo
1573 1096 1660 1135 Sei-

232 1166 450 1206 feddaulae.
505 1166 598 1202 Post
618 1165 727 1203 varia
751 1165 831 1202 fata
856 1165 968 1202 annis
987 1165 1156 1215 denique
1179 1167 1261 1208 333
1285 1172 1325 1203 et
1344 1165 1448 1215 334,
1477 1163 1545 1216 qui
1562 1163 1660 1201 inci.

233 1232 330 1270 dunt
354 1232 394 1268 in
424 1245 545 1269 annos
571 1245 611 1282 p.
643 1231 732 1269 Chr.
763 1245 803 1270 n·
832 1231 913 1274 944
944 1237 982 1269 et
1012 1232 1118 1282 945,
1158 1231 1294 1270 Halebi
1324 1232 1481 1283 eiusque
1510 1230 1660 1268 ditione

230 1299 380 1350 potitus
402 1303 458 1335 est
470 1298 726 1347 Seifeddaula,
745 1298 874 1348 ibique
892 1311 1054 1348 regnum
1073 1311 1188 1336 suum
1211 1298 1411 1336 stabilivit.
1442 1296 1516 1350 (Cf.
1526 1295 1657 1335 Abulf.
1716 1332 1719 1334 .

232 1366 341 1402 Tom.
363 1364 410 1413 ΙΙ,
429 1378 470 1415 Ρ.
491 1364 584 1407 435.
608 1365 743 1404 select.
772 1378 822 1402 ex
841 1364 933 1404 hist.
956 1364 1042 1403 Hal.
1061 1378 1103 1416 p.
1123 1367 1178 1406 37
1193 1378 1300 1415 seqq.
1322 1365 1371 1402 cf.
1395 1364 1485 1403 edit.
1503 1370 1588 1402 not.
1606 1364 1658 1402 ad

230 1431 269 1469 h.
290 1429 335 1483 l.)
366 1431 524 1482 Saepius
549 1431 723 1481 regiones
747 1431 984 1469 Graecorum
1008 1431 1204 1469 lacessivit
1226 1430 1411 1482 susceptis
1435 1430 1658 1482 expeditio-

230 1497 368 1546 nibus,
401 1510 495 1547 quas
517 1497 669 1547 longius
690 1497 871 1549 persequi
900 1498 947 1535 ab
968 1497 1044 1535 hoc
1064 1498 1151 1535 loco
1170 1497 1338 1535 alienum
1357 1498 1469 1536 foret.
1509 1494 1656 1550 (Abulf.

232 1564 304 1601 1.1
326 1563 918 1614 p.457;461;467.E1mae
936 1578 977 1616 p
997 1564 1098 1612 2753
1119 1577 1159 1615 P
1168 1564 1251 1606 477
1268 1578 1371 1615 seqq·
1389 1578 1429 1616 p
1449 1567 1531 1607 286
1550 1578 1656 1615 seqq·

231 1629 448 1681 Abulphar.
465 1644 507 1680 p
521 1628 599 1671 195
621 1627 715 1679 seq.)
734 1629 911 1667 Mortuus
933 1635 990 1666 cst
1009 1642 1110 1668 anno
1130 1632 1222 1674 356.
1253 1631 1401 1685 (Abulf.
1413 1646 1452 1684 p.
1474 1631 1567 1675 493.
1580 1633 1655 1670 Sel.

233 1709 283 1734 ex
298 1696 389 1736 hist.
409 1696 495 1734 Hal.
516 1709 553 1746 p.
570 1697 660 1737 138.
683 1695 826 1735 Elmac.
843 1710 883 1747 p.
904 1693 1017 1749 280.)

342 1761 574 1800 Mentionem
589 1762 854 1799 Seifeddaulae
873 1761 1007 1800 lnleclt
1016 1762 1091 1801 Leo
1106 1759 1213 1818 (libr.
1229 1763 1277 1814 11,
1300 1777 1382 1816 cap.
1395 1767 1418 1807 1
1441 1787 1490 1794 —-
1509 1765 1562 1816 5.)
1582 1766 1655 1805 sub

231 1828 388 1866 nomine
416 1827 670 1876 Chambdani,
700 1828 726 1866 i.
746 1842 777 1868 e.
797 1829 988 1866 Hamdani
1000 1859 1010 1879 ‚
1041 1830 1147 1880 quod
1168 1844 1250 1868 non
1269 1831 1367 1882 ipsi,
1395 1832 1463 1870 sed
1480 1846 1553 1871 avo
1574 1847 1655 1871 no-

231 1907 322 1932 men
344 1894 431 1931 fuit.
483 1895 544 1932 Ad
565 1895 872 1947 expeditionem,
900 1896 946 1933 de
966 1910 1040 1947 qua
1063 1897 1090 1936 l.
1107 1897 1135 1935 L
1157 1896 1255 1934 dicit
1282 1898 1378 1946 Leo,
1406 1899 1653 1937 referendum

234 1966 292 1997 est
317 1967 542 2011 excerptum
563 1974 611 1998 ex
634 1961 918 2013 Abulpharagio
931 1992 943 2012 ,
978 1963 1083 2013 quod
1104 1963 1233 2001 statim
1261 1965 1308 2002 ab
1333 1965 1446 2003 initio
1472 1965 1630 2003 exhibui
1639 1987 1651 2021 3

233 2027 391 2069 eandem
409 2028 691 2077 expeditionem
712 2037 928 2067 memorant
945 2029 1135 2067 Abulfeda
1155 2036 1192 2068 et
1210 2031 1521 2081 Cemaleddinus,
1550 2045 1653 2083 quo-

232 2107 318 2133 rum
338 2094 456 2131 veiba
478 2094 516 2130 h.
546 2094 571 2131 l.
602 2095 726 2144 legere
752 2095 856 2133 haud
879 2096 1103 2146 gravabitur
1130 2097 1264 2135 lector.
1336 2134 1338 2136 ,

333 2161 623 2197 Cemaleddinus
634 2175 672 2211 p.
688 2162 786 2203 134:
808 2162 946 2210 „Anno
964 2163 1044 2204 348
1057 2164 1117 2200 vel
1135 2164 1214 2206 349
1228 2164 1467 2202 Seifeddaula
1477 2165 1651 2215 regiones

235 2223 469 2264 Graecorum
486 2227 639 2267 invasit.
671 2227 812 2276 Quum,
829 2228 1184 2266 multisincolarum
1197 2231 1346 2279 occisis,
1364 2231 1572 2282 multisque
1587 2245 1651 2268 ca-

234 2292 326 2343 ptis,
342 2290 484 2342 praeda
505 2292 667 2341 potitus,
687 2307 758 2343 per
776 2295 967 2344 angustias
986 2294 1360 2345 Magharae-Alcohl
1376 2298 1503 2336 redire
1522 2297 1650 2335 animo

234 2357 391 2395 haberet
407 2363 446 2394 et
462 2370 596 2395 versus
617 2371 678 2395 eas
698 2358 774 2396 iter
790 2360 983 2410 flecteret,
1012 2362 1131 2399 Leoni
1150 2362 1232 2399 filio
1250 2363 1401 2403 Phocae
1426 2365 1649 2414 domestico,

235 2424 301 2474 qui
322 2423 371 2461 ad
389 2423 475 2461 illas
503 2423 632 2475 ipsum
649 2433 928 2476 praecesserat,
958 2428 1141 2467 occurrit.
1197 2429 1346 2467 Praelio
1371 2431 1427 2468 ibi
1446 2432 1648 2470 commisso

234 2490 475 2528 Seiseddaula
506 2490 693 2531 vincitur.
757 2492 896 2530 Hostes
928 2493 1257 2533 Muhammedanis
1287 2497 1466 2548 praedam
1496 2503 1648 2548 captam

234 2557 405 2607 eripiunt
425 2587 438 2607 ,
492 2556 673 2594 thesauro
715 2556 1077 2611 impedimentisque
1121 2562 1384 2600 Seifeddaulae
1430 2562 1647 2614 potiuntur.

233 2622 346 2660 Mulli
366 2623 407 2660 in
429 2621 507 2661 hoc
526 2622 674 2674 praelio
703 2622 823 2661 vitam
851 2625 1056 2675 amittunt,
1086 2633 1124 2665 et
1143 2628 1440 2667 Abu-Ferasus
1468 2628 1650 2666 Alharet-

233 2701 297 2725 sus
319 2688 550 2727 ben-Sahid
575 2688 862 2728 ben-Hamdan
885 2692 1066 2743 captivus
1096 2693 1241 2743 factus,
1271 2694 1318 2731 ab
1347 2693 1523 2732 hostibus
1551 2695 1648 2733 Car-
