1768 3034
304 165 370 212 66
787 166 989 212 LEONIS
1016 165 1257 210 DIACONI

92 289 124 317 Α.
148 287 188 317 Μ.
208 282 297 319 6475
307 282 481 336 θεοφιλῆ
500 279 567 320 καὶ
583 273 804 331 σεβάσμιον
816 275 1063 331 ἄνθρωπον,
1099 275 1135 316 εἲ
1154 275 1221 315 καὶ
1237 273 1383 327 τομίας
1400 269 1600 329 ἐτύγχανε,
1635 289 1740 327 προ-
1767 263 1768 307 Ϊ

135 333 198 364 lnd.
219 332 264 365 1⁰
304 345 577 404 χειρισάμενος
602 341 846 400 στρατηγόν·
880 346 955 396 τῆς
984 343 1029 383 δὲ
1056 341 1216 395 ἴππικῆς
1241 339 1502 397 παρατάξεως
1519 342 1738 395 Μανουὴλ,
1765 377 1768 384 .

308 415 553 466 αὐτανέψιον
575 411 699 453 αὐτοῦ
710 443 724 462 ,
760 414 819 466 τῷ
841 414 921 451 τῶν
939 410 1174 465 Πατρικίων
1192 410 1258 450 καὶ
1279 408 1402 450 αὐτὸν
1432 405 1628 462 ἀξιώματι
1648 410 1740 450 δια-ὲ

307 482 524 538 πρέποντα,
561 478 690 534 ἄνδρα
708 476 1047 532 θερμουργόν-καὶ
1067 476 1320 518 αὐθέκαστον
1328 507 1342 527 ,
1380 476 1447 517 καὶ
1468 474 1741 534 ἀπερισκέπτῳ

308 552 419 607 φορᾷ
448 546 616 589 εἷ’κοντα.
663 544 744 586 ἐπεὶ
767 544 813 585 δὲ
842 542 1156 599 περαιωσάμενοι
1183 542 1254 585 τὸν
1276 541 1440 598 Ἀδρίαν
1466 546 1540 597 τῆς
1558 543 1768 591 Σικελίαςε

306 615 553 672 προσέσχον,
599 616 680 654 τῶν
713 610 947 667 πορθμείων
985 609 1207 664 ἀποβάντες
1240 610 1295 658 εἷς
1321 607 1510 665 φάλαγγα
1539 607 1742 665 παρετάτ-

309 699 425 725 τοντο
439 712 453 732 ,
491 681 558 721 καὶ
577 675 777 732 τοσαύτης
795 677 999 734 εὐετηρίας
1020 678 1250 720 ἀπέλαυσαν
1269 676 1381 732 παρὰ
1399 676 1473 731 τὴν
1498 675 1648 733 ἀρχὴν,
1686 674 1742 725 ὥς

274 757 305 791 D
317 749 502 802 αὐτοβοεὶ
522 746 595 796 τὰς
615 746 767 794 κλεινὰς
788 746 852 786 καὶ
872 742 1136 800 περιπύστους
1156 741 1420 799 Συρακούσας
1438 742 1538 785 ἑλεῖν
1560 745 1626 785 καὶ
1638 741 1742 797 Ἱμέ-

310 834 408 874 ραν,
447 816 512 856 καὶ
531 812 694 870 προσέτι
717 812 1008 868 Ταυρομένειον
1037 814 1103 853 καὶ
1122 812 1368 870 Λεοντίνους
1390 810 1585 865 ἀναιμωτὶ
1607 827 1742 867 παρα-

308 882 557 937 στήσασθαι.
597 878 718 922 Ἀλλὰ
741 879 817 935 γὰρ
845 878 917 920 οὔκ
935 877 1092 932 ἔμελλεν
1110 877 1135 933 ἢ
1155 876 1359 932 βάσκανος
1385 875 1485 932 τύχη
1517 877 1584 919 διὰ
1605 878 1768 927 τέλουςί

309 950 542 1004 πλησίστιος
559 946 695 995 αὐτοῖς
714 947 898 998 ἐπιπνεῖν,
928 945 1108 1003 σφοδρὸν
1127 947 1171 987 δὲ
1190 947 1255 987 καὶ
1276 943 1413 1000 ἄγριον
1432 943 1739 997 ἀντιπνεύσασα,

308 1014 536 1072 ὑποβρύχια
557 1014 608 1056 τὰ
625 1011 843 1070 πράγματα
870 1012 1033 1056 τέθεικε.
1088 1010 1259 1068 δηλώσει
1278 1013 1323 1055 δὲ
1342 1015 1472 1055 ταῦτα
1491 1010 1513 1055 ὃ
1531 1009 1647 1067 λόγος
1663 1011 1742 1067 ἤδη

312 1087 467 1140 σαφῶς.

409 1148 462 1204 η’.
500 1151 732 1191 Σικελιῶται
750 1145 852 1204 πρὸς
870 1143 1072 1200 τοσαύτην
1089 1144 1217 1203 ῥοπὴν
1235 1146 1301 1188 καὶ
1319 1143 1645 1201 ἀνανταγώνιστα
1662 1150 1745 1188 τῶν

308 1214 515 1271 Ῥωμαίων
533 1212 776 1271 φρονήματα
795 1213 869 1267 οὔχ
888 1211 967 1256 οἷοί
979 1205 1026 1256 ιτε
1046 1212 1155 1263 ὅντες
1174 1213 1557 1265 ἀντικαθίστασθαι,
1578 1213 1652 1262 τὰς
1667 1211 1768 1258 nti-1

187 1292 227 1327 Ρ.
246 1290 289 1327 41
314 1289 392 1333 λεις
411 1280 674 1331 ἀπολιπόντες
693 1281 767 1331 τὰς
787 1282 1014 1337 δυσχωρίας
1032 1279 1210 1336 ῧπῄεσαν
1218 1311 1232 1332 ,
1270 1282 1336 1321 καὶ
1357 1280 1419 1321 ἐπὶ
1438 1279 1572 1322 τόπων
1591 1281 1744 1322 ἐπικαί-

312 1369 393 1408 ρων
416 1350 671 1405 ἧθροίζοντο.
718 1347 957 1405 κρημνώδης
977 1347 1053 1404 γὰρ
1076 1346 1130 1396 ὥς
1147 1346 1200 1388 τὰ
1223 1346 1353 1388 πολλοὶ
1384 1348 1450 1388 καὶ
1473 1345 1742 1404 δενδρώδηςῆ

311 1423 448 1473 νῆσος,
486 1412 600 1469 ἱκανή
621 1431 664 1458 τε
684 1419 741 1473 τῷ
758 1415 991 1472 βουλομένῳ
1011 1413 1194 1470 φρουρὰν
1211 1412 1469 1468 αὐτοσχέδιον
1486 1415 1741 1471 ἐπιχορηγεῖν.

315 1484 337 1528 ὃ
358 1485 490 1527 τοίνυν
510 1483 735 1536 Μανουὴλ,
773 1481 863 1523 δέον
883 1481 994 1540 αὐτῷ
1012 1480 1085 1530 τὰς
1110 1479 1243 1529 πόλεις
1261 1479 1537 1538 παρειληφότα
1555 1487 1745 1538 φρουρεῖν

316 1553 382 1595 καὶ
406 1548 567 1606 χώραν,
614 1548 687 1603 ὅση
718 1549 883 1602 εὔβοτος
912 1544 963 1602 ἦν
995 1549 1060 1590 καὶ
1091 1545 1333 1602 ἱππήλατος,
1381 1546 1574 1604 ἀπείργειν
1601 1565 1644 1591 τε
1671 1548 1768 1597 reign

316 1617 501 1676 φυγάδας
516 1620 640 1671 χιλῶν
661 1616 727 1658 καὶ
744 1619 826 1658 τῶν
847 1615 979 1658 ἄλλων
996 1619 1166 1671 βρωτῶν
1179 1626 1191 1638 ·
1242 1613 1349 1657 οὕτω
1366 1614 1444 1671 γὰρ
1464 1620 1522 1673 τῷ
1539 1613 1746 1669 λιμώττειν

314 1683 550 1742 τρυχόμενοι
574 1684 680 1725 δυεΐν
701 1680 879 1737 θάτερον
899 1682 1055 1724 ἔπαθον
1077 1680 1150 1733 ἂν,
1186 1680 1212 1736 ’ἢ
1231 1678 1442 1735 Ῥωμαίοις
1468 1681 1635 1731 ἑαυτοὺς
1663 1683 1746 1725 ε’νε-

315 1755 506 1808 χείρισαν,
528 1749 554 1804 ἢ
576 1748 715 1792 σπάνει
730 1754 812 1792 τῶν
833 1749 1057 1805 ἀναγκαίων
1078 1745 1467 1805 διαπεφωνῆκεισαν·
1494 1747 1516 1791 ὅ
1536 1749 1593 1801 δὲ,
1617 1747 1747 1806 ὅρμη-

317 1821 406 1867 τίας
425 1835 466 1860 τε
487 1816 565 1869 ὢν,
603 1819 669 1867 καὶ
687 1814 906 1874 σφαδάζων
930 1820 1054 1874 θυμῷ
1073 1818 1140 1858 καὶ
1157 1813 1334 1869 νεότητι,
1368 1814 1417 1858 τὸ
1437 1814 1679 1873 δραστήριον
1701 1815 1747 1859 δὲ

283 1888 388 1930 Βκαὶ
425 1882 622 1938 ἐπήβολον
665 1883 716 1926 οὗ
764 1881 869 1926 πάνυ
906 1881 1078 1934 δεόντως
1116 1882 1477 1940 προσκεκτημένος,
1519 1890 1610 1932 ταῖς
1643 1891 1768 1940 προ-1

321 2011 461 2048 randum
476 2009 656 2052 hominem,
679 2011 829 2055 quamvis
855 2010 1047 2056 spadonem,
1071 2009 1187 2044 ducem
1210 2009 1424 2056 praeposuit3
1447 2009 1595 2055 equestri
1610 2009 1749 2044 militiae

322 2057 521 2096 Manuelem,
544 2057 773 2091 consobrinum
791 2068 902 2098 suum,
925 2061 961 2090 et
976 2057 1082 2100 ipsum
1098 2056 1312 2100 patriciorum
1329 2055 1496 2099 dignitate
1509 2060 1672 2096 ornatum,
1695 2054 1748 2088 vi-

323 2114 395 2137 rum
413 2101 551 2135 calentis
569 2101 717 2144 ingenii,
739 2101 895 2145 rigidum,
917 2112 1016 2135 caeco
1032 2101 1158 2145 impetu
1174 2100 1257 2133 ferri
1268 2105 1470 2133 consuetum.
1514 2098 1561 2132 Hi
1575 2104 1750 2144 postquam

324 2147 479 2181 tramisso
498 2145 580 2178 mari
597 2157 718 2190 supero
733 2146 882 2180 Siciliam
899 2146 1101 2189 attigerunt,
1124 2145 1274 2188 exposito
1291 2144 1442 2178 exercitu
1463 2144 1567 2177 aciem
1581 2145 1750 2178 instmxe-

323 2196 415 2231 runt,
436 2193 533 2224 tanta
548 2190 710 2223 felicitate
721 2190 775 2223 usi
790 2202 810 2224 a
829 2191 1005 2235 principio,
1026 2194 1066 2223 ut
1081 2189 1186 2234 primo
1195 2189 1291 2234 quasi
1305 2189 1441 2222 incursu
1450 2189 1579 2222 nobiles
1593 2200 1634 2223 ac
1650 2199 1752 2233 prae-

324 2238 433 2270 claras
450 2236 639 2279 Syracusas
657 2235 895 2279 Himeramque
920 2239 1142 2278 occuparent,
1165 2238 1366 2278 praeterque
1391 2245 1431 2267 ea
1445 2233 1696 2267 Taurominium
1714 2235 1750 2267 et

325 2280 506 2315 Leontinos
529 2279 696 2312 incruenti
710 2284 874 2313 tenerent.
920 2280 1044 2313 Verum
1069 2283 1198 2312 tantum
1223 2280 1362 2319 aberat,
1384 2281 1423 2311 ut
1444 2277 1547 2312 infida
1565 2279 1698 2312 for-mna
1711 2278 1768 2312 in‘

325 2326 423 2359 finem
440 2334 544 2368 usque
559 2324 608 2357 eis
637 2324 806 2357 velificans
826 2324 1010 2368 aspiraret,
1031 2328 1070 2357 ut
1090 2324 1204 2356 valide
1229 2324 1418 2367 infesteque
1443 2323 1570 2357 restans
1589 2322 1750 2357 fluctibus

326 2382 382 2405 res
397 2380 510 2404 eorum
526 2369 693 2402 obrueret.
739 2369 778 2401 Id
798 2370 905 2402 oratio
923 2369 987 2403 iam
1003 2368 1147 2401 dilucide
1166 2368 1418 2401 demonstrabit.

415 2416 448 2449 8.
472 2413 579 2446 Siculi
596 2424 670 2447 cum
687 2417 803 2446 tantae
822 2414 857 2447 vi
879 2418 980 2458 atque
1003 2413 1282 2457 insuperabilibus
1300 2413 1518 2447 Romanorum
1534 2409 1651 2445 animis
1665 2407 1752 2444 resi-

328 2464 418 2493 stere
433 2469 498 2492 non
516 2463 671 2502 possent,
693 2458 821 2491 relictis
847 2459 980 2502 oppidis
996 2458 1167 2502 angustias
1185 2457 1341 2491 montium
1356 2457 1548 2497 subierunt,
1569 2454 1653 2489 locis
1676 2454 1752 2489 ido-

330 2505 403 2538 neis
427 2503 629 2547 conglobati.
675 2503 763 2536 Nam
794 2513 914 2546 aspera
939 2503 1132 2547 plerumque
1156 2502 1396 2547 arboribusque
1416 2500 1541 2536 vestita
1563 2505 1617 2535 est
1629 2500 1717 2533 insul
1759 2526 1762 2529 Α

330 2555 432 2593 atque
463 2547 665 2593 praesidium
692 2547 935 2581 tumultuarium
965 2548 1104 2581 iniicere
1130 2547 1256 2580 volenti
1291 2550 1554 2591 peropportuna.
1614 2544 1716 2578 Manu

331 2594 435 2637 igitur
445 2618 455 2634 ‚
479 2604 554 2627 cum
577 2592 746 2626 debuisset
762 2597 859 2635 capta
873 2593 999 2636 oppida
1016 2596 1119 2636 atque
1135 2593 1324 2637 regionem,
1348 2595 1511 2635 quatenus
1532 2601 1659 2635 pascua
1675 2592 1768 2630 erat}

332 2643 434 2681 atque
455 2638 665 2682 equitabilis,
688 2637 875 2677 custodire,
898 2637 1124 2682 fugitivosque
1149 2637 1270 2681 pabulo
1293 2634 1495 2679 cibariisque
1516 2632 1655 2679 reliquis
1670 2631 1768 2678 [πο-ξ

332 2682 469 2716 hibere:
493 2683 543 2716 sic
559 2682 646 2715 enim
660 2682 748 2715 fame
767 2682 936 2715 exhaustis
952 2683 1089 2715 duorum
1117 2682 1255 2717 alterum
1278 2680 1465 2715 necessario
1491 2679 1679 2719 evenisset,
1711 2679 1768 2714 ut:

334 2726 390 2759 vel
414 2738 451 2762 se
473 2727 566 2771 ipsos
584 2727 741 2760 Romanis
765 2727 957 2768 traderent,
978 2727 1033 2760 vel
1056 2726 1235 2760 interirent
1255 2724 1514 2760 necessariorum
1535 2723 1690 2768 penuria:
1718 2721 1765 2756 inf?

335 2780 415 2804 vero
425 2794 438 2812 ,
458 2777 497 2806 ut
512 2776 585 2806 erat
599 2771 794 2806 temerarius
804 2796 814 2814 ,
836 2771 953 2806 animis
971 2774 1006 2806 et
1018 2771 1192 2806 iuventute
1204 2771 1300 2805 ferox
1310 2794 1321 2812 ‚
1343 2767 1509 2804 industria
1522 2772 1559 2804 et
1579 2767 1749 2803 intellectu
