1748 3094
160 165 243 208 DE
269 162 473 208 EXPED.
499 160 616 206 SYR.
643 160 756 205 NlC.
780 159 949 204 PHOC.
975 160 1055 203 ΕΤ
1082 160 1159 203 ΙΟ.
1185 161 1226 203 T
1229 161 1345 204 ZIM.
1402 155 1505 203 393

59 268 150 322 l'n),
174 266 427 307 scribendum
444 278 527 305 esse
544 265 595 304 ad
614 265 890 318 imperatorem
903 270 944 305 et
968 265 1108 304 ducem
1127 265 1352 317 copiarum,
1380 271 1426 303 nt
1446 264 1507 316 hi,

61 335 112 374 de
130 348 177 374 re
197 334 383 375 certiores
400 334 513 383 sacti,
541 334 658 372 rebus
678 332 761 371 suis
780 333 1043 373 consulerent.
1098 334 1168 371 Sin
1188 338 1318 372 autem
1337 333 1505 386 expedi-

59 400 208 441 tionem
227 400 271 440 in
287 406 433 440 terram
451 399 866 440 Muhammedanorum
884 399 1083 453 suscipere
1094 400 1140 439 in
1166 400 1296 439 animo
1314 399 1506 441 haberent

58 467 276 521 imperator
295 474 335 507 et
357 468 439 508 dux
464 468 668 520 copiarum
689 470 976 518 Romanorum,
1005 467 1159 507 obviam
1183 467 1357 508 eundum
1382 482 1464 508 esse
1481 482 1506 507 u

59 536 259 588 Boodjuso
274 534 459 588 usquead
476 535 622 585 locum,
635 537 704 575 nbi
720 536 956 589 imperatum
975 535 1011 574 ei
1030 536 1190 586 fuisset3
1210 542 1330 588 atque
1338 536 1509 589 Baedju-

59 616 108 643 ro
134 604 355 642 Romanum
383 615 457 655 per
483 602 673 642 ditionem
697 604 807 655 pacis
828 603 1051 650 comitante,
1080 617 1163 642 non
1181 602 1407 654 fugiendum
1424 615 1509 642 esso

61 670 111 710 ab
130 670 274 709 ineolis
295 670 500 720 vicorum,
531 670 587 709 ita
608 676 655 708 ut
682 676 827 709 emeret
856 671 1051 709 exercitus
1071 672 1271 710 Romanus
1301 683 1379 722 quo
1408 683 1509 723 opus

0 730 2 745 '
62 737 99 778 ei
113 743 230 787 esset,
258 744 415 791 praeter
430 744 707 788 stramentum,
737 738 843 790 quod
875 752 949 791 pro
970 752 1079 777 more
1095 738 1237 777 bellico
1265 737 1376 776 nulla
1392 737 1507 776 soln-

60 804 168 844 tione
184 806 286 844 sacta
304 805 634 858 suppeditandum
661 812 761 844 esset
775 819 787 855 3
817 818 840 843 a
866 805 967 844 duee
987 804 1405 844 Muhammedanorum
1434 817 1510 844 us-

61 885 138 925 que
157 872 208 911 ad
225 872 325 912 fines
344 873 501 912 obviam
518 886 599 912 esse
624 873 800 912 eundum
820 873 942 925 copiis
960 873 1168 923 Romanis,
1196 879 1243 912 ut
1270 872 1325 911 eis
1350 877 1508 925 praesto

60 946 182 984 «που
209 954 309 992 quae
328 953 452 992 quum
470 946 583 979 extra
610 940 709 979 fines
726 953 901 992 egressae
928 946 1076 989 essent,
1101 939 1258 978 licitum
1275 953 1357 978 esse
1369 939 1507 978 Emito

60 1006 106 1044 in
125 1006 313 1046 ditionem
331 1021 442 1046 suam
461 1008 617 1047 reverti.
664 1008 706 1046 Si
728 1007 1016 1061 expeditionem
1036 1007 1210 1046 facerent
1225 1007 1391 1046 Romani
1407 1021 1510 1045 con-

60 1079 124 1113 tn
147 1080 292 1113 sectam
317 1074 366 1113 ab
395 1074 537 1113 Islamo
573 1075 787 1126 diversam,
827 1074 1144 1126 coniungendam
1178 1087 1260 1113 esse
1288 1075 1508 1114 exercitum

60 1140 186 1181 Emiri
202 1156 293 1182 cum
310 1143 487 1182 Romano
507 1148 545 1181 et
566 1143 798 1182 consociatis
819 1143 937 1182 armis
957 1141 1238 1191 dimicandum,
1265 1148 1356 1181 utut
1378 1143 1507 1182 iussus

60 1208 184 1248 fuerit
211 1209 379 1250 Emirus.
445 1210 489 1248 Si
525 1210 653 1262 quivis
681 1223 734 1249 ex
761 1210 961 1249 Muslemis
972 1209 1217 1260 Jeligionem
1247 1209 1508 1250 Christianam

62 1277 267 1329 amplexus
283 1278 439 1327 fuisset,
463 1277 524 1316 nil
542 1284 680 1317 contra
698 1291 786 1316 eum
804 1276 1035 1330 permissum
1052 1290 1134 1314 esse
1144 1276 1354 1326 Muslewis,
1380 1291 1507 1329 neque

63 1342 293 1383 Christianis
315 1346 551 1398 permissum
568 1359 652 1384 esse
668 1345 765 1397 quid
791 1350 929 1383 eontra
949 1342 1163 1396 quemlibet
1183 1343 1508 1395 Christianorum,

63 1410 132 1463 qui
148 1411 193 1449 in
211 1411 478 1451 Muslemicam
492 1413 693 1452 transierit
708 1419 866 1454 sectam.
923 1412 965 1450 Si
987 1423 1127 1457 servus
1132 1441 1145 1461 ,
1175 1409 1422 1451 Christianus
1440 1425 1510 1452 seu

61 1477 334 1530 Munlemicua,
362 1481 429 1520 vir
453 1480 536 1520 sive
560 1481 750 1531 foemina,
783 1481 827 1519 in
848 1494 933 1519 eam
961 1492 1077 1531 quam
1102 1478 1352 1518 definivimus
1377 1480 1512 1531 regio-

62 1558 155 1585 nem
178 1559 228 1584 ex
244 1547 321 1586 alia
341 1549 578 1600 aufugisset,
604 1547 711 1587 haud
731 1547 940 1587 celandum
959 1561 1040 1586 esse
1062 1560 1086 1584 a
1100 1546 1320 1597 Muslemis,
1346 1547 1412 1586 sed
1442 1547 1512 1586 in-

63 1612 277 1654 dicandum
285 1628 297 1663 ;
325 1621 413 1653 tum
447 1615 680 1654 solvendum
701 1628 781 1653 esse
800 1628 823 1652 a
852 1614 1013 1653 domino
1039 1614 1207 1666 pretium
1238 1617 1293 1657 36
1322 1614 1512 1654 denario-

63 1694 156 1719 rum
174 1695 249 1734 pro
271 1694 337 1731 eo,
366 1681 400 1720 si
416 1682 483 1720 vir
499 1688 615 1732 esset,
644 1697 719 1735 pro
738 1682 906 1721 foemina
920 1686 976 1725 20
997 1682 1179 1721 denarios
1197 1683 1409 1732 Romanos,
1433 1696 1511 1735 pro

64 1761 188 1801 puero
217 1748 304 1787 sive
331 1749 462 1800 puella
497 1752 570 1799 163
599 1751 661 1788 sin
687 1756 818 1788 autem
848 1763 930 1788 non
959 1749 1175 1801 possideret
1195 1748 1412 1802 (dominus)
1431 1763 1511 1802 quo

65 1815 233 1856 solveret
250 1816 418 1869 pretium
436 1817 700 1867 liberationis,
727 1832 750 1855 a
768 1817 928 1856 domino
945 1817 1156 1855 solvendos
1172 1830 1254 1855 esse
1287 1823 1367 1856 tres
1385 1817 1510 1856 dena-

64 1884 166 1930 rios,
196 1883 339 1935 quihus
361 1883 409 1921 ab
426 1883 559 1922 Emito
589 1884 784 1936 acceptis,
811 1884 1102 1923 restituendum
1133 1898 1215 1923 esse
1240 1898 1410 1924 servum.
1465 1886 1511 1924 Si

63 1951 287 2004 baptizatus
303 1957 426 2000 esset,
455 1951 523 2002 qui
544 1952 778 2003 aufugisset,
807 1952 916 1990 haud
931 1952 1051 1991 licere
1065 1952 1264 1992 Muslemis
1294 1965 1383 1991 eum
1406 1953 1509 1992 reti-

64 2033 171 2069 nere,
190 2019 260 2057 sed
276 2018 528 2071 pendendum
545 2032 629 2058 esse
647 2019 782 2058 Emito
803 2034 825 2057 a
842 2019 1015 2069 domino,
1034 2020 1141 2072 quod
1160 2020 1353 2059 sancitum
1373 2020 1506 2069 fuerit,

66 2100 146 2139 quo
160 2087 266 2125 t'acto
275 2117 287 2136 ‚
314 2086 603 2125 restituendum
624 2100 706 2125 esse
721 2100 893 2128 servum.
931 2087 974 2126 Si
992 2087 1090 2139 quid
1104 2101 1156 2126 ex
1172 2088 1322 2127 ditione
1332 2089 1509 2126 Romana

65 2155 132 2193 fur
147 2153 343 2206 rapuisset
360 2161 400 2192 et
417 2156 510 2205 fuga
540 2168 581 2192 se
600 2154 884 2204 subtraxisset,
918 2155 1155 2194 mittendum
1185 2168 1268 2194 esse
1294 2155 1342 2194 ab
1371 2155 1507 2194 Emiro

68 2221 120 2259 ad
134 2222 273 2260 ducem
289 2221 484 2260 exereitus
499 2222 680 2268 Romani,
709 2227 755 2260 ut
770 2235 916 2273 poenas
934 2223 1073 2264 lueret.
1112 2223 1156 2262 Si
1170 2224 1368 2263 Romanus
1384 2222 1510 2273 regio«

68 2302 138 2327 ne·
157 2288 403 2326 Muslemicas
418 2289 616 2338 visitaret,
644 2288 754 2327 haud
772 2289 1065 2341 impediendum
1086 2303 1171 2329 esse
1186 2305 1211 2328 a
1234 2291 1392 2342 negotio
1425 2304 1509 2329 suo.

68 2356 113 2395 Si
134 2356 358 2408 speculator
378 2369 427 2394 ex
449 2356 597 2395 ditione
613 2356 839 2395 Muslemica
855 2358 1068 2396 Romanam
1093 2357 1243 2397 inuare
1269 2359 1410 2406 vellet,
1440 2369 1510 2394 ar-

66 2422 292 2476 ripiendum
318 2435 400 2460 esse
430 2428 471 2461 et
491 2422 535 2461 in
559 2422 719 2462 vincula
751 2423 1053 2464 conficiendum.
1106 2425 1222 2467 Haud
1255 2423 1510 2464 excidendam

69 2503 151 2530 esse
169 2489 398 2529 aMunlemis
418 2503 563 2540 arcem,
589 2503 665 2529 nec
676 2505 823 2530 novam
835 2492 1132 2543 exstruendam3
1162 2491 1270 2544 quod
1287 2497 1418 2529 autem
1436 2503 1510 2527 ex-

70 2558 194 2597 cisum
213 2558 370 2606 fixisset,
398 2559 697 2597 restaurandum
714 2573 808 2600 esse.
863 2560 1026 2599 Nullum
1044 2559 1222 2599 Emirum
1240 2557 1511 2596 Muslemicum

72 2639 144 2664 nec
170 2625 440 2679 recipiendum
468 2638 553 2663 esse
587 2639 611 2664 a
632 2626 831 2666 Muslemis
851 2640 979 2679 neque
1002 2626 1052 2664 ab
1080 2626 1162 2664 uno
1192 2637 1328 2663 eorum
1356 2629 1513 2675 praeter

71 2692 306 2744 Baodjumm
321 2699 360 2731 et
373 2691 597 2744 Karghujah
613 2692 756 2733 litteris
783 2707 866 2733 esse
886 2693 1123 2734 adeundum.
1177 2690 1251 2730 His
1269 2689 1513 2743 (Karghujah

71 2764 111 2797 et
143 2756 354 2814 Bacdjuro)
384 2759 549 2798 mortuis
576 2758 685 2798 haud
715 2761 835 2800 licere
862 2760 1062 2800 Muslemis
1088 2757 1267 2797 Emirum
1302 2770 1324 2795 e
1353 2756 1511 2808 regione

70 2825 292 2866 Muslemica
313 2840 503 2866 arcessere
542 2841 670 2879 neque
697 2828 746 2866 ab
775 2825 895 2880 (aliis)
923 2825 1120 2866 Muslemis
1150 2823 1340 2863 auxilium
1364 2830 1509 2876 petere,
