1768 3034
505 151 807 211 HlsToRlAE
834 151 927 199 vn.
963 155 1003 199 8.
1370 141 1467 190 125

48 262 109 304 ἐπὶ
125 260 174 303 τὸ
189 257 408 317 φροῦριον,
446 259 512 301 καὶ
540 258 775 316 οὗραγοῢντι
802 262 884 302 τῶν
913 256 1021 315 ἄμφ’
1054 255 1199 310 αὗτὸν,
1237 260 1317 302 τῶν
1341 257 1465 300 ἐπιτι-
1481 260 1518 294 Δ·
1535 260 1573 291 C·
1589 258 1654 292 9⁷1

46 329 225 382 θεμένων
247 327 356 385 αὐτῷ
374 343 436 375 τις
459 326 792 380 ἐξιππασάμενος,
828 326 989 382 θρασὺς
1006 327 1071 367 καὶ
1091 325 1308 381 ἇγέρωχος,
1342 324 1465 381 ἐπῄει,
1517 306 1544 338 ¹⁶
1561 305 1586 336 ι’
1603 303 1627 337 2

50 396 312 438 ἐπανατει’νων
338 394 386 436 τὸ
419 396 534 450 ξίφος
548 394 633 447 μετ’
662 394 854 446 ἀπειλῶν,
891 395 957 435 καὶ
975 391 1158 447 πλήττειν
1176 393 1389 447 ἐπιχειρῶν.
1445 389 1468 433 ὃ

50 463 95 504 δὲ
114 460 440 504 ἀπαλλάττεσθαι
467 462 541 515 τὴν
559 462 750 515 ταχίστην
774 458 961 517 παρῄνει,
997 460 1071 510 τὰς
1097 458 1374 513 κατασχούσας
1394 456 1470 501 αὗ-

18 530 122 572 5τόν
150 527 274 582 τύχας
301 528 589 582 εὐλαβηθέντα.
646 530 729 569 δεῖν
760 529 825 580 δὲ,
861 526 1015 582 θνητὸν
1051 527 1171 578 ὄντα,
1217 526 1264 568 τὸ
1295 525 1471 568 ἄστατον

51 594 209 644 πάντως
225 593 462 651 ὑφορᾶσθαι
479 599 560 636 τῶν
577 592 823 649 πραγμάτοιν
842 596 907 636 καὶ
928 594 1117 646 ἄπιστον,
1149 595 1214 635 καὶ
1230 593 1287 647 μὴ
1306 608 1472 649 προστι-

50 663 168 705 θέναι
187 665 572 715 κακοδαιμονοῦντος
594 661 741 717 ἀνδρὸς
760 668 845 710 τοῖς
873 659 1095 715 άλγῆμασιν
1117 660 1288 715 ἄλγημα.
1343 659 1475 715 ἆρκεΐν

51 730 128 786 γὰρ
150 729 202 771 τὰ
220 727 575 786 περιστοιχήσαντα
592 733 736 770 τοῦτον
766 727 896 778 δεινὰ,
935 727 1052 770 ἅτινα
1079 730 1133 776 εἰς
1151 732 1270 770 τοῦτο
1291 729 1471 782 δυσπρα-
1492 731 1534 766 P.
1553 731 1598 766 77

52 799 141 853 γίας
161 796 284 838 αὐτὸν
303 796 557 852 περιήλασαν,
581 794 635 844 ὦς
653 794 814 852 φυγάδα
832 799 902 837 νῦν
921 798 1185 850 καθορᾶσθαι
1205 794 1275 836 τὸν
1291 798 1362 848 τῆς
1376 791 1475 836 Ῥω-

22 866 202 918 Ομαῗκῆς
220 862 471 920 κατάρξαντα
491 867 692 920 στρατιᾶς.
732 861 753 905 ὅ
774 864 830 914 δέ,
855 861 986 903 ὕθλον
1005 860 1209 916 τηνάλλως
1230 861 1324 909 τοὺς
1345 858 1477 902 τοιού-

54 947 151 979 τους
176 930 317 986 λόγους
335 932 563 984 τιθέμενος,
600 931 881 985 πλησιέστερον
905 928 987 984 ᾔει,
1024 927 1207 983 πλήττειν
1225 925 1475 983 πειρώμενος.

57 996 78 1040 ὅ
120 998 163 1039 δὲ
191 996 380 1054 Βάρδας,
418 999 491 1052 τὴν
530 998 845 1053 παρῃωρημένην
882 994 1053 1051 κορύνην
1090 993 1474 1051 μεταχειρισάμενος,

56 1062 254 1120 αι’φνίδιόν
281 1082 322 1106 τε
349 1067 611 1121 συστραφεὶς,
649 1065 752 1106 κατὰ
781 1068 852 1118 τῆς
881 1061 1058 1118 κόρυθος
1086 1064 1189 1105 παιέι
1216 1063 1286 1104 τὸν
1313 1061 1476 1115 ἄνθρω-

56 1145 158 1174 πον·
195 1129 216 1173 ὃ
249 1132 315 1183 δὲ,
354 1132 455 1187 αὐτῇ
493 1136 590 1186 κυνῇ
622 1133 820 1185 κατεαγεὶς
848 1129 895 1172 τὸ
927 1132 1109 1184 κρανίον,
1147 1129 1321 1177 ἄναυδος
1348 1132 1398 1184 τῇ
1427 1132 1477 1183 γῇ

27 1195 402 1254 5προσαράσσεται·
437 1200 503 1239 καὶ
534 1197 660 1246 οὕτως
679 1198 719 1246 ἐς
745 1198 791 1239 τὸ
811 1194 1004 1252 φρούριον
1023 1194 1043 1238 ὃ
1067 1200 1215 1245 Φωκᾶς
1231 1193 1475 1247 διασώζεται.

58 1264 226 1321 Βάρδας
255 1266 318 1317 δὲ,
357 1263 378 1306 ὃ
408 1262 686 1319 στρατηλάτης
716 1266 780 1305 καὶ
812 1262 1076 1317 ΙῩΙάγιστρος,
1114 1262 1161 1304 τὸ
1187 1261 1380 1318 φρούριον
1408 1279 1479 1303 κυ-

59 1330 332 1385 κλωσάμενος,
368 1330 532 1386 παρῄνει
551 1335 608 1388 τῷ
631 1334 757 1389 Φωκᾷ
777 1329 922 1387 Βάρδᾳ
933 1362 945 1380 ,
982 1330 1055 1382 τὴν
1075 1328 1272 1382 εὐμένειαν
1290 1333 1360 1370 τοῦ
1381 1344 1479 1383 κρα-

58 1405 224 1448 τοῦντος
249 1396 494 1453 αι’τήσασθαι
504 1430 519 1449 ,
551 1399 615 1439 καὶ
634 1403 706 1439 τοῦ
728 1400 872 1451 τειχίου
891 1396 1064 1437 κατιέναι
1086 1394 1139 1444 ὥς
1158 1394 1338 1449 τάχιστα.
1376 1392 1397 1436 ὃ
1420 1395 1517 1445 δέ,Β

60 1467 141 1508 ἐπεὶ
160 1468 201 1515 ἐς
222 1466 445 1524 ἀμηχανίαν
466 1463 636 1518 ἐσχάτην
655 1466 720 1505 καὶ
750 1464 880 1519 δεινὴν
899 1463 1069 1517 άποριάν
1089 1464 1320 1516 συνείληπτο
1333 1494 1345 1513 ,
1381 1464 1483 1502 πολ-

62 1533 113 1574 λὰ
138 1531 417 1587 γνωματεύσας
445 1533 509 1573 καὶ
535 1529 791 1586 λογισάμενος
799 1563 812 1583 ,
850 1530 949 1586 ἔγνω
975 1531 1158 1572 ἐνδοῦναι
1187 1534 1236 1584 τῇ
1258 1527 1379 1583 τύχῃ,
1417 1529 1485 1569 καὶ

63 1598 162 1649 εἶξαι
182 1606 265 1648 τοῖς
293 1603 528 1654 κρατοῦσιν,
566 1601 599 1639 εἶ
628 1597 829 1640 ἀπάθειαν
860 1595 984 1639 αὑτοῦ
1014 1614 1054 1638 τε
1082 1598 1147 1638 καὶ
1172 1601 1253 1638 τῶν
1282 1592 1483 1651 φιλτάτων

63 1665 247 1719 λήψοιτο.
283 1668 507 1721 παραυτίκα
528 1661 598 1707 οὖν
616 1667 764 1713 πίστεις
786 1663 1111 1718 ἐξαιτησάμενος,
1144 1661 1198 1711 ὥς
1216 1662 1330 1704 οὗδέν
1348 1679 1386 1703 τι
1404 1664 1479 1703 τῶί

66 1733 201 1786 ἀηδῶν
219 1734 413 1784 πείσεται,
450 1735 515 1773 καὶ
534 1730 683 1779 ταύτας
708 1732 808 1787 πρὸς
829 1736 900 1773 τοῦ
924 1735 1108 1785 Σκληροῦ
1131 1729 1323 1784 εἰληφὼς,
1355 1726 1484 1769 κάτει-

43 1795 46 1799 ’
66 1815 105 1842 σι
128 1803 200 1841 τοῦ
221 1801 415 1855 φρουρίου
439 1799 512 1840 σὺν
534 1800 685 1853 γυναικὶ
706 1800 770 1839 καὶ
790 1799 948 1846 τέκνοις.
999 1795 1020 1838 ὃ
1055 1798 1099 1839 δὲ
1126 1785 1293 1846 τούτους
1318 1793 1485 1849 &gapat-

154 1885 189 1919 5.
222 1883 282 1918 δεῖ
300 1882 374 1915 cod.
464 1883 498 1917 6.
530 1879 776 1928 προστιθέναι.
805 1880 896 1926 πρὸς
911 1880 953 1916 τό
973 1878 1080 1918 θέναι
1105 1878 1180 1914 cod.

67 1949 238 1985 castellum
254 1952 498 1994 properantem,
522 1960 595 1982 cum
613 1960 728 1992 agmen
745 1960 875 1982 suorum
898 1948 1078 1989 clauderet,
1101 1959 1143 1981 ex
1156 1945 1405 1991 insequentibus
1423 1944 1487 1978 ali-

68 1996 154 2042 quis,
177 1994 287 2028 audax
304 2000 340 2029 et
356 2000 550 2038 protervus,
567 1999 744 2038 provectus
759 1998 838 2027 ante
853 1999 1003 2027 caeteros
1019 1992 1162 2033 invasit,
1185 1991 1396 2036 gladiumque
1413 2000 1486 2023 cum

67 2040 165 2075 minis
192 2040 312 2073 elatum
328 2039 482 2082 infligere
496 2045 633 2072 conatus
649 2044 711 2072 est.
755 2038 790 2071 Is
808 2050 880 2072 eum
894 2042 1015 2080 monet,
1038 2038 1189 2082 protinus
1204 2041 1295 2070 retro
1311 2034 1487 2079 regredia-

70 2091 143 2127 tur,
165 2088 373 2129 praesentem
398 2095 489 2117 suam
514 2085 678 2117 fortunam
701 2083 839 2117 veritus.
885 2083 1043 2124 „Debere
1058 2094 1150 2123 eum,
1173 2086 1211 2115 nt
1224 2081 1404 2120 mortalem,
1426 2091 1487 2113 ne-

70 2129 216 2163 cessario
246 2128 501 2162 inconstantiam
531 2129 826 2172 infidelitatemque
854 2128 1008 2162 fortunae
1041 2127 1274 2167 extimescere,
1306 2136 1416 2170 neque
1442 2123 1486 2157 ad

71 2174 297 2217 aegritudines
314 2173 380 2207 viri
399 2173 584 2206 calamitosi
604 2184 724 2206 novam
741 2173 876 2206 addere.
923 2172 1016 2206 Satis
1032 2173 1188 2206 malorum
1205 2183 1242 2204 se
1258 2169 1485 2208 circumstare,

71 2229 158 2263 quae
174 2218 210 2251 in
228 2229 286 2251 eas
297 2230 334 2251 se
353 2218 570 2252 adduxissent
587 2218 778 2262 angustias,
804 2222 842 2251 ut
858 2217 916 2262 qui
932 2218 1100 2251 Romanae
1116 2222 1305 2250 armaturae
1319 2214 1485 2268 praefuis-

72 2268 136 2303 set,
162 2262 191 2295 is
210 2263 374 2306 fugitivus
398 2274 483 2295 nunc
507 2261 785 2307 conspiceretur.'’
832 2263 909 2303 Hic,
931 2262 1092 2295 eiusmodi
1119 2272 1220 2295 voces
1241 2261 1340 2294 flocci
1353 2270 1419 2293 non
1434 2258 1487 2291 fa-

73 2308 174 2348 ciens,
200 2307 335 2351 propius
352 2307 503 2347 accessit,
528 2308 631 2341 ferire
647 2319 781 2342 conans.
826 2308 915 2341 Tum
932 2307 1072 2347 Budas,
1093 2312 1230 2350 arrepta
1244 2305 1373 2338 casside
1390 2313 1487 2348 quam

72 2362 266 2395 suspensam
281 2352 430 2394 gerebat,
452 2351 562 2386 subito
575 2364 753 2386 conversus
771 2352 931 2385 hominem
947 2351 981 2384 in
995 2352 1123 2394 galeam
1138 2350 1323 2395 percussit3
1345 2349 1386 2389 is,
1411 2358 1490 2391 per-

72 2397 184 2430 fracta
214 2396 309 2429 simul
333 2401 367 2429 et
390 2396 487 2440 galea
513 2402 549 2430 et
576 2397 744 2438 calvaria,
766 2409 850 2430 voce
873 2396 964 2430 nulla
981 2397 1102 2438 missa,
1124 2395 1159 2429 in
1174 2401 1296 2429 terram
1318 2394 1490 2426 defertur:

72 2440 205 2474 Phocus
225 2441 310 2473 hunc
326 2440 360 2473 in
376 2442 505 2473 modum
522 2442 556 2474 in
572 2442 740 2475 castellum
756 2442 928 2475 incolumis
947 2441 1110 2484 pervenit.
1144 2439 1246 2480 Quod
1261 2449 1333 2471 cum
1347 2435 1490 2475 Bardas,

73 2485 142 2518 dux
157 2489 193 2518 et
210 2485 388 2528 Magister,
410 2486 559 2519 exercitu
577 2487 857 2529 circumdedisset,
881 2486 987 2519 suasit
1005 2486 1149 2525 Phoeae,
1171 2488 1210 2517 ut
1226 2484 1269 2517 ad
1286 2479 1491 2515 clementiam

72 2529 237 2574 principis
263 2530 479 2572 confugeret,
503 2531 609 2574 deque
635 2531 817 2565 munitione
839 2530 1076 2575 quamprimum
1105 2529 1225 2563 exiret.
1271 2528 1324 2566 Is,
1346 2525 1404 2557 ubi
1420 2526 1495 2557 erat

74 2574 120 2607 ad
147 2586 289 2607 summas
313 2573 485 2617 angustias
511 2586 728 2619 magnamque
743 2587 852 2609 rerum
866 2576 1011 2619 inopiam
1029 2575 1206 2613 redactus,
1227 2571 1339 2604 multis
1358 2567 1496 2612 agitatis

74 2619 314 2663 perpensisque
340 2618 534 2659 sententiis,
565 2620 719 2653 fortunae
744 2621 864 2654 cedere
890 2620 1028 2660 statuit,
1050 2617 1362 2658 dominantibusque
1389 2612 1497 2646 subii-

75 2673 155 2696 cere
183 2675 276 2703 sese,
307 2664 404 2696 modo
430 2662 657 2706 impunitatem
681 2675 754 2697 cum
771 2676 864 2698 suam
887 2669 955 2697 tum
974 2664 1123 2697 carorum
1140 2671 1270 2694 suorum
1289 2659 1495 2703 impetraret.

73 2706 129 2740 Ita
143 2708 306 2751 evestigio
332 2708 399 2740 fide
421 2708 607 2750 postulata,
630 2719 673 2741 ne
686 2708 765 2753 quid
782 2709 976 2742 incommodi
991 2711 1139 2751 caperet,
1162 2705 1221 2738 ubi
1238 2705 1324 2737 hanc
1339 2714 1360 2736 a
1378 2701 1495 2736 Sclero

77 2758 271 2797 acceperat,
294 2763 362 2786 una
380 2763 453 2787 cum
470 2763 574 2786 uxore
591 2763 631 2786 ac
645 2752 760 2787 liberis
775 2753 819 2788 de
833 2753 970 2789 castello
987 2750 1173 2788 descendit.
1217 2749 1252 2783 Is
1270 2759 1327 2783 eos
1341 2751 1495 2793 receptos
