1768 3034
282 141 380 187 220
617 149 693 191 DE
723 148 1111 195 VELITATIONE
1138 150 1376 194 BELLICA

69 259 220 294 F01.39o
247 272 272 294 r.
286 252 412 296 τύπον
443 258 516 308 τῆς
547 260 808 310 παραμονῆς,
845 256 994 310 ἐγγίσαι
1015 259 1073 314 τῷ
1103 254 1325 315 φωσσάτῳ,
1361 258 1460 315 πρὸς
1483 258 1530 302 τὸ
1554 257 1708 303 ἀκούειν

283 321 358 370 τὰς
389 321 526 377 φωνὰς
555 322 689 364 αὐτῶν
697 354 710 374 ,
748 324 814 364 καὶ
837 322 932 371 τοὺς
956 323 1244 379 χρεμετισμοὺς
1272 328 1353 366 τῶν
1372 327 1516 369 ἳππων.
1571 328 1610 369 οἷ
1636 323 1708 369 οὖν

285 387 358 430 δύο
391 388 532 444 ἄνδρες
559 389 597 430 οἳ
625 387 818 445 πρότερον
847 392 1160 446 παραμείναντες
1188 391 1229 433 ἓν
1250 390 1385 440 ἄλλοις
1414 391 1626 448 ἃπλήκτοις
1647 399 1706 452 τῷ

284 454 511 512 φιοσσάτῳ,
548 453 613 497 ὅτε
643 457 708 497 καὶ
730 454 751 497 ὁ
782 457 879 505 λαὸς
898 456 1030 499 αὐτῶν
1059 456 1165 506 ἅπας
1186 462 1309 513 συνῆν
1334 460 1400 500 καὶ
1423 460 1702 515 συνηπλήκευε,

283 521 522 576 δυνήσονται
544 521 826 576 στοχάσασθαι
854 522 933 565 ἀπό
964 541 1007 566 τε
1032 529 1106 579 τῆς
1131 529 1204 566 τοῦ
1237 529 1338 567 λαοῦ
1369 526 1611 582 ὀχλαγωγίας
1639 519 1738 575 καὶ5

281 594 486 646 ταραχῆς,
523 591 588 630 καὶ
611 595 682 632 τοῦ
708 596 974 645 χρεμετισμοῦ
999 596 1079 634 τῶν
1097 593 1255 645 ἰ’ππων,
1292 591 1372 634 ἀπό
1400 611 1442 636 τε
1459 599 1533 636 τοῦ
1549 593 1701 651 χώρου,

278 657 319 697 ἐν
343 651 374 713 ᾧ
396 657 470 705 τὰς
491 657 639 711 σκηνὰς
658 656 865 711 ἐπήξαντο.
904 659 951 699 οὗ
973 659 1051 714 γὰρ
1071 657 1328 715 εὑρεθήσεται
1357 658 1378 702 ὅ
1394 665 1530 717 χῶρος
1549 661 1596 704 τὸ
1617 664 1704 718 τρί-

243 731 353 765 Βτον
378 724 500 779 μέρος
530 723 651 777 ἔχων,
692 723 737 766 ὃν
769 726 810 766 ἓν
835 732 920 773 τοῖς
950 725 1116 767 ὄπισθεν
1157 725 1371 780 ἀπλήκτοις
1397 735 1599 782 κατεῖχον,
1639 728 1703 771 ὅτε

279 789 451 839 ἅπαντες
474 789 575 844 ὁμοῦ
602 789 835 845 ῆπλήκευον.
882 793 948 834 καὶ
978 793 1020 834 ἐκ
1041 791 1187 835 τούτου
1210 793 1381 836 δυνατόν
1396 796 1479 836 ἐστι
1499 793 1701 849 στοχάσα-

274 862 376 899 σθαι
395 859 461 898 καὶ
480 862 747 912 κατανοῆσαι,
786 857 840 908 ὥς
860 859 1042 901 ἐπιλείπει
1065 858 1085 902 ὃ
1104 860 1201 908 λαὸς
1221 865 1302 903 τῶν
1324 864 1521 915 πολεμίων
1540 864 1581 904 ἐν
1603 864 1700 904 ε’κεί-
1714 877 1756 911 10

60 929 148 960 Nota
171 939 267 969 equos
284 941 340 981 νῳ
359 929 416 982 τῷ
431 923 577 981 χώρῳ,
613 927 679 967 καὶ
697 921 754 980 μὴ
777 924 874 968 εἶναι
892 927 964 968 σὺν
984 927 1119 976 αὐτοῖς
1138 928 1180 969 ἓν
1204 932 1263 985 τῷ
1284 926 1483 985 ἆπλήκτῳ.
1536 931 1602 971 καὶ
1617 934 1703 979 πῶς

59 975 163 1059 affigi
175 978 264 1059 {¹¹:¹22}
274 992 349 1047 γὰρ
370 991 417 1033 οὐ
438 992 609 1034 δυνατὸν
629 997 749 1034 τοῦτο
773 992 1068 1047 στοχάσασθαι,
1105 993 1256 1036 ὁπόταν
1274 993 1319 1044 (ἐξ
1333 994 1508 1048 χιλιάδες
1526 995 1698 1052 ἀνδρῶν,

98 1065 228 1105 equites.
274 1063 407 1100 πλεῖον
423 1057 448 1113 ἢ
467 1058 637 1101 ἔλασσον
646 1092 659 1112 ,
697 1062 762 1101 καὶ
776 1062 908 1102 ἵππων
927 1061 1017 1117 ἄχρι
1033 1066 1114 1103 τῶν
1133 1060 1287 1104 δώδεκα
1306 1063 1550 1105 ἐπιλείπωσιν
1569 1064 1612 1104 ἐκ
1626 1068 1699 1105 τοῦ

275 1123 479 1180 ἀπλήκτου
490 1158 503 1178 ,
540 1125 611 1175 οὓς
639 1124 794 1176 πάντας
818 1126 919 1181 ὃμοῦ
944 1127 1040 1170 εἶναι
1067 1129 1106 1171 οἳ
1128 1127 1268 1184 πρώην
1287 1131 1600 1184 παραμείναντες
1623 1128 1699 1172 ἑώ-

275 1210 357 1249 ρων
387 1194 452 1234 καὶ
475 1192 808 1246 κατεστοχάζοντο
823 1214 838 1248 ‚-
875 1195 941 1236 διὰ
968 1191 1040 1238 οὖν
1066 1195 1113 1238 τὸ
1139 1196 1367 1252 ἀμφίβολον
1374 1229 1388 1248 ,
1426 1197 1526 1253 πρὸς
1554 1197 1600 1239 τὸ
1630 1198 1697 1238 καὶ
1708 1211 1752 1246 15

273 1262 425 1314 τελείαν
459 1265 596 1314 λαβεῖν
631 1261 726 1310 τοὺς
759 1263 1063 1318 παραμένοντας
1098 1265 1187 1319 περὶ
1220 1261 1366 1305 τούτου
1397 1267 1470 1317 τῆς
1503 1263 1698 1317 ἀληθείας

273 1325 527 1381 κατάληψιν,
567 1328 656 1369 δέον
681 1330 746 1369 καὶ
771 1334 890 1371 τοῦτο
918 1330 989 1371 τὸν
1013 1332 1067 1378 εἷς
1090 1330 1163 1383 τὴν
1190 1329 1427 1385 παραμονὴν
1451 1330 1697 1373 ἀποσταλέν-

240 1400 272 1433 C
281 1411 332 1435 τα
352 1393 609 1450 τουρμάρχην
641 1394 954 1451 διαπράξασθαι.
997 1394 1165 1444 ἱππότας
1183 1396 1307 1448 ὀκτὼ,
1345 1396 1496 1452 ἄνδρας
1522 1402 1603 1439 τῶν
1624 1399 1714 1451 ἐμ·-Δ

274 1460 518 1516 πειροτάτων
539 1463 604 1502 καὶ
621 1462 694 1510 τὰς
713 1460 832 1511 ὁδοὺς
853 1465 907 1511 εἷς
933 1461 1055 1518 ἄκρον
1078 1463 1364 1517 ἐξησκημένους
1388 1463 1692 1517 ἀπολεξάμενος,

272 1529 558 1583 διορίσασθαι,
594 1528 669 1569 εἴτε
705 1530 810 1586 δεξιᾷ
833 1529 907 1571 εἴτε
937 1528 1119 1583 εὐώνυμα
1147 1531 1189 1571 ἐκ
1210 1534 1290 1571 τῶν
1309 1529 1510 1582 ὄπισθεν,
1538 1532 1578 1572 ἓν
1605 1526 1637 1588 ᾧ
1669 1529 1762 1577 620

270 1593 528 1650 τουρμάρχης
553 1596 739 1647 ἵσταται,
776 1595 1003 1652 ἔμπροσθεν
1030 1598 1215 1651 γενέσθαι
1234 1600 1314 1638 τῶν
1341 1599 1560 1650 πολεμίων,
1597 1598 1693 1654 ἅφι-
1766 1598 1768 1633 Ῐ

272 1662 494 1716 σταμὲνους
513 1666 592 1704 τῶν
614 1667 769 1716 σκηνῶν
791 1665 923 1716 μιλίου
945 1664 991 1705 τὸ
1015 1663 1136 1717 ἥμισυ
1154 1677 1164 1687 ·
1198 1665 1263 1705 καὶ
1286 1663 1513 1719 ἔμπροσθεν
1532 1665 1694 1719 γενομέ-
1753 1654 1768 1732 ξ

268 1746 363 1778 νους
393 1729 567 1784 ἀκριβῶς
594 1731 798 1785 ἐρευνῆσαι
808 1762 822 1782 ,
859 1733 924 1772 καὶ
944 1731 1018 1779 τὰς
1047 1729 1167 1779 ὃδούς
1196 1730 1528 1787 ἀναψηλαφῆσαι.
1563 1733 1629 1773 καὶ
1658 1733 1693 1773 εἲ

266 1794 350 1851 ἄρα
373 1796 411 1837 οἶ
435 1801 515 1838 τῶν
545 1798 742 1850 πολεμίων
773 1798 899 1846 ἶππεῖς
932 1800 1123 1851 διῆλθον,
1161 1799 1227 1838 καὶ
1251 1797 1342 1853 ἄχρι
1370 1802 1451 1839 τῶν
1478 1799 1690 1840 διακοσίων
1758 1787 1768 1856 3¹

54 1869 122 1901 Fol.
139 1868 209 1905 390
229 1879 258 1903 v.
268 1860 447 1918 ὑπῆρχον
455 1895 469 1914 ,
506 1862 768 1917 διαγνώσουσι
802 1865 876 1918 τὴν
910 1863 1064 1906 τούτων
1103 1862 1288 1918 διάβασιν
1319 1864 1357 1906 οἳ
1386 1864 1683 1917 ἀποσταλέντες,
1699 1858 1768 1943 25ἐ

266 1950 346 1981 ante
373 1946 526 1990 exposita
541 1946 706 1989 dimittat,
728 1951 787 1990 ut,
810 1949 928 1983 castris
942 1948 1266 1993 appropinquantes,
1288 1959 1387 1982 voces
1408 1947 1548 1981 hostium
1561 1948 1688 1982 iumen·-

267 1995 443 2034 torumque
468 1991 629 2025 hinnitum
656 1994 853 2027 auscultent.
897 1994 950 2027 Ibi
973 1995 1039 2027 duo
1066 1993 1115 2026 illi
1136 1993 1277 2033 milites,
1301 1993 1359 2036 qui
1381 1993 1445 2026 iam
1463 1993 1556 2036 prius
1571 1993 1686 2026 hostes

267 2036 303 2069 in
321 2035 395 2068 aliis
416 2036 535 2068 castris
550 2038 833 2081 observaverunt,
853 2039 1017 2072 universis
1039 2049 1151 2072 eorum
1166 2038 1271 2082 copiis
1289 2048 1356 2070 una
1370 2038 1601 2076 tendentibus,
1624 2049 1686 2081 po-

266 2084 381 2113 terunt
407 2091 482 2113 cum
506 2092 548 2114 ex
574 2083 709 2117 fremitu
727 2085 939 2128 strepituque
956 2083 1171 2117 multitudinis
1184 2106 1195 2123 ‚
1217 2086 1288 2115 tum
1304 2093 1346 2116 ex
1362 2081 1493 2114 hinnitu
1514 2093 1685 2126 equorum,

264 2129 339 2158 tum
355 2125 497 2168 denique
511 2137 554 2159 ex
568 2129 689 2171 spatio,
712 2129 801 2172 quod
818 2128 971 2162 tentoriis
989 2132 1170 2172 occupant,
1192 2127 1411 2160 coniecturam
1424 2126 1520 2160 inire.
1566 2126 1687 2170 Neque

265 2169 356 2203 enim
380 2170 512 2203 tertiam
535 2176 663 2215 partem
686 2173 914 2217 amplitudinis
930 2173 1116 2217 reperietur
1137 2172 1259 2205 habere
1286 2171 1394 2212 locus,
1415 2182 1481 2215 qua
1498 2174 1572 2204 erat
1584 2182 1687 2215 supe-

266 2214 411 2248 rioribus
429 2215 565 2256 castris,
589 2220 668 2250 tunc
693 2230 765 2251 cum
783 2230 894 2251 omnes
914 2230 979 2251 una
994 2217 1186 2251 tendebant.
1230 2216 1327 2249 Unde
1346 2215 1618 2249 existimationem
1632 2217 1686 2249 fa—

268 2271 348 2292 cere
372 2262 471 2303 atque
497 2260 683 2304 intelligere
710 2263 812 2304 licet,
835 2263 954 2296 deesse
976 2262 1090 2306 copias
1115 2261 1266 2294 hostibus
1290 2261 1347 2294 illo
1365 2260 1457 2301 loco,
1479 2271 1586 2304 neque
1609 2272 1684 2294 cum

269 2303 336 2337 illis
361 2303 396 2336 in
424 2304 543 2337 castris
568 2307 765 2341 consedisse.
821 2308 890 2347 Qui
912 2307 999 2341 enim
1027 2310 1138 2351 potest
1167 2306 1261 2346 fieri,
1281 2311 1319 2339 ut
1337 2305 1374 2338 id
1389 2317 1454 2338 non
1476 2304 1686 2339 animadver-

267 2352 362 2389 tant,
384 2349 516 2392 quaudo
542 2350 704 2384 hominum
730 2353 802 2396 plus
817 2353 925 2386 minus
950 2363 1009 2385 sex
1027 2351 1147 2391 millia,
1171 2361 1326 2395 equorum
1346 2350 1389 2383 ad
1405 2349 1576 2383 duodecim
1591 2361 1612 2384 a
1625 2360 1685 2383 ca-

267 2393 351 2427 stris
365 2394 500 2434 absunt,
523 2406 608 2438 quae
621 2396 677 2439 qui
702 2408 806 2440 nuper
825 2396 987 2441 speculati
1002 2399 1078 2429 sunt
1089 2420 1098 2436 ‚
1125 2406 1189 2428 una
1203 2395 1375 2428 tendentia
1392 2398 1635 2438 conspexerunt
1649 2397 1685 2427 et

267 2440 571 2482 computaverunt?
589 2441 762 2481 Attamen,
784 2445 843 2482 ut,
866 2442 996 2474 sublata
1018 2441 1103 2473 omni
1126 2440 1349 2480 dubitatione,
1371 2439 1547 2473 veritatem
1571 2438 1684 2483 perfe-

268 2488 357 2517 ctam
374 2485 436 2516 hac
445 2483 481 2516 in
495 2495 532 2518 re
547 2485 772 2528 speculatores
787 2487 1002 2531 perspiciant,
1018 2486 1206 2519 turmarcha
1221 2485 1425 2529 speculatum
1441 2484 1568 2523 missus,
1583 2493 1683 2526 prae-

268 2533 323 2561 ter
346 2529 429 2562 haec
452 2528 510 2562 illa
536 2528 638 2563 debet
659 2531 842 2564 instituere.
887 2530 1031 2574 Equites
1055 2535 1130 2563 octo
1161 2541 1203 2563 ex
1220 2529 1446 2574 peritissimis,
1469 2528 1596 2561 viarum
1620 2538 1682 2570 up—

270 2573 375 2616 prime
399 2585 538 2617 guaros,
559 2574 737 2619 disponat,
761 2580 798 2608 ut
823 2576 896 2609 sive
920 2586 943 2607 a
964 2575 1081 2608 dextra
1099 2575 1170 2608 sive
1185 2586 1206 2608 a
1223 2575 1357 2607 sinistra
1376 2585 1418 2607 ex
1436 2571 1599 2611 subsidio,
1621 2570 1680 2624 ubi

269 2619 458 2652 turmarcha
482 2619 651 2660 constitit,
673 2623 767 2652 trans
793 2625 903 2653 castra
920 2620 1062 2653 hostium
1086 2632 1122 2653 se
1149 2620 1341 2659 conferant,
1364 2619 1468 2651 donec
1485 2629 1505 2651 a
1523 2620 1679 2649 tentonus

267 2663 469 2706 quingentos
482 2674 598 2707 passus
626 2665 755 2698 absint:
778 2665 813 2697 in
837 2664 1082 2708 progrediendo
1103 2664 1282 2707 diligenter
1300 2662 1491 2703 attendant,
1513 2661 1585 2694 vias
1602 2671 1682 2713 per-

267 2706 413 2750 quirant.
460 2709 561 2748 Quod
581 2709 611 2742 si
631 2709 695 2743 iam
715 2709 938 2754 praetervecti
955 2714 1034 2742 sunt
1053 2709 1196 2742 hostium
1213 2708 1353 2753 equites,
1373 2707 1574 2750 fueruntque
1591 2715 1682 2738 circa

268 2750 449 2793 ducentos,
481 2759 660 2797 cognoscet
688 2758 795 2788 tamen
820 2766 932 2788 eorum
960 2754 1134 2788 transitum
1158 2754 1280 2795 statio,
1301 2753 1420 2787 nedum
1440 2751 1468 2785 si
1483 2750 1683 2786 exstiterunt
