1768 3034
292 129 388 177 144
774 134 976 180 LEONIS
1003 134 1239 179 DIACONI

74 249 108 280 A.
130 248 170 279 M.
193 245 282 283 6480
389 241 444 297 β’.
484 246 712 298 Τηνικαῧτα
736 243 786 298 δὴ
816 245 882 285 καὶ
909 243 952 285 αῖ
977 247 1058 284 τῶν
1081 241 1286 295 Ῥωμαίων
1313 241 1513 300 πυρφόροι
1539 240 1709 299 τριήρεις

117 294 181 326 Iud.
201 295 244 329 15
286 309 390 365 μετὰ
416 314 497 353 τῶν
533 315 704 366 σιτηγῶν
730 311 960 367 πορθμείων
991 310 1058 351 διὰ
1089 313 1162 351 τοῦ
1185 309 1344 366 Ἴστρου
1379 309 1583 367 ἐφάνησαν
1610 310 1710 367 ἄνα-

288 378 500 420 πλέουσαι·
536 376 584 426 ἃς
607 377 792 431 Ῥωμαῖοι
818 379 889 430 μὲν
921 375 1071 425 ἰδόντες
1101 375 1277 433 ἀρρήτου
1301 382 1508 433 χαρμονῆς
1532 374 1710 431 ὗπεπλή-

287 450 474 499 σθησαν,
512 443 679 493 Σκύθας
706 446 749 486 δὲ
785 445 873 492 δέος
903 443 1012 500 ᾕρει,
1049 443 1095 485 τὸ
1123 442 1404 500 ἐπιφερόμενον
1426 443 1561 492 αὐτοῖς
1586 442 1709 499 ὑγρὸν

286 517 366 568 πῦρ
397 509 588 560 δεδιότας.
634 510 871 566 ἠκηκόεισαν
898 511 974 567 γὰρ
1004 511 1104 567 πρὸς
1130 515 1211 552 τῶν
1232 511 1467 567 γεραιτέρων
1493 514 1567 552 τοῦ
1594 514 1763 566 σφῶνᾶ

287 578 452 630 ἔθνους,
491 576 545 627 ὥς
570 578 640 620 τὸν
669 576 933 635 μυριόστολον
959 578 1133 634 στρατὸν
1153 577 1351 634 ’Ίγγορος,
1388 582 1460 620 τοῦ
1487 578 1558 619 τὸν
1577 581 1711 633 Σφεν-
1766 628 1768 639 Ι

248 645 523 699 Βδοσθλάβον
545 644 746 698 τεκόντος,
780 644 966 698 Ῥωμαῖοι
994 650 1051 702 τῷ
1079 644 1247 701 τοιούτῳ
1278 647 1455 702 Μηδικῷ
1486 646 1583 700 πυρὶ
1607 644 1711 686 κατὰ

285 714 356 755 τὸν
375 712 559 762 Εὔξεινον
578 714 859 769 ἐξετέφρωσαν.
905 714 1087 754 ἐντεῦθεν
1108 714 1264 767 σπουδῇ
1290 712 1341 753 τὰ
1363 711 1515 753 ἑαυτῶν
1534 723 1710 766 συναγα-
1766 705 1768 739 ff

285 778 420 835 γόντες
451 778 594 822 ἀκάτια
602 812 615 831 ,
659 780 737 836 πρὸ
775 784 847 822 τοῦ
878 778 1089 835 περιβόλου
1117 784 1189 821 τοῦ
1227 778 1366 827 ἄστεος
1398 781 1600 830 εἵλκυσαν,
1640 779 1711 820 ἵνα
1765 782 1768 820 3

286 847 524 904 παραρρέων
557 846 755 902 ὃἼστρος
790 847 836 888 τὸ
869 845 1045 902 θάτερον
1086 851 1159 888 τοῦ
1196 844 1459 902 Δορυστόλου
1494 844 1709 902 περικλύζει
1722 843 1768 918 lq'

287 914 468 969 πλευρόν.
512 919 642 955 ταῦτα
671 915 713 955 αἳ
733 912 933 970 πυρφόροι
956 919 1045 968 νῆες
1071 911 1265 954 κυκλόθεν
1294 911 1539 969 ἐφρούρουν,
1578 910 1631 960 ὥς
1652 912 1710 966 μὴ
1763 919 1768 962 5'

287 981 345 1036 εἴη
367 980 549 1030 Σκύθαις
565 982 675 1033 ἐνὸν,
707 981 839 1022 αὐτῶν
859 979 1155 1035 ἐπιβεβηκόσιν,
1194 981 1255 1020 ἐπὶ
1281 979 1354 1033 τὴν
1376 984 1491 1035 σφῶν
1511 977 1712 1031 ἀνασώζε-
1761 972 1768 999 .‘

287 1053 389 1090 σθαι
406 1053 491 1103 γῆν.
536 1053 586 1104 τῇ
606 1050 648 1090 δὲ
665 1047 854 1107 ὑστεραία
874 1045 1176 1104 Ταυροσκύθαι,
1213 1051 1286 1088 τοῦ
1305 1046 1444 1095 ἄστεος
1458 1044 1708 1099 ὑπεκδύντες,

285 1116 388 1157 κατὰ
408 1116 453 1157 τὸ
472 1117 605 1157 πεδιόν
625 1114 812 1164 ἐτάξαντο
823 1118 853 1166 ,”
873 1117 1098 1169 ποδηνεκεῖς
1117 1114 1290 1170 θυρεοὺς
1307 1112 1625 1169 προβαλλόμενοι
1643 1115 1711 1155 καὶ

283 1182 479 1238 θώρακας
500 1180 782 1230 ἁλυσιδωτούς.
824 1180 1010 1234 Ῥωμαῖοι
1031 1183 1073 1223 δὲ
1091 1183 1157 1222 καὶ
1177 1181 1289 1222 αὐτοὶ
1308 1185 1380 1222 τοῦ
1395 1180 1574 1237 χάρακος
1590 1178 1709 1230 ὕπεξ-
1721 1171 1768 1258 q

68 1260 138 1295 Fol.
158 1261 226 1297 312
248 1248 406 1305 ι·.ῄεσαν
436 1251 476 1298 ἐς
503 1250 549 1291 τὸ
580 1250 738 1306 ἀκριβὲς
768 1249 1128 1304 τεθωρακισμένοι·
1174 1250 1240 1289 καὶ
1275 1253 1475 1304 καρτερῶς
1505 1247 1628 1304 ἶίμφω
1656 1247 1710 1289 τοὶ
1755 1255 1768 1303 ξ

246 1331 275 1365 c
283 1318 384 1373 μέρη
412 1318 709 1371 διηγωνίζοντο,
746 1318 811 1358 καὶ
839 1314 1101 1371 ἇμφίδοξοςῆ
1127 1316 1213 1369 νίκη
1240 1313 1384 1367 ἐδόκει,
1423 1314 1563 1357 ἄλλοτε
1581 1315 1710 1357 &mg-
1756 1304 1768 1375 ξ

282 1402 353 1441 ρου
371 1385 516 1439 μέρους
540 1385 758 1431 ὠθοῦντος.
806 1384 885 1423 ἐπεὶ
904 1384 950 1423 δέ
969 1400 1026 1431 τις
1041 1381 1245 1435 Ῥωμαίων
1264 1387 1335 1436 τῆς
1359 1380 1562 1437 φάλαγγος
1580 1382 1717 1438 ἀπορ-Ι
1757 1373 1768 1441 'l

281 1452 413 1509 ῥαγεὶς
439 1452 507 1493 τὸν
536 1451 638 1504 μετὰ
657 1448 1002 1506 Σφενδοσθλάβον
1028 1451 1162 1505 τρίτον
1183 1449 1292 1505 παρὰ
1315 1447 1627 1504 Ταυροσκύθαις
1646 1465 1708 1490 τι-
1756 1443 1768 1508 ἒ

279 1518 462 1573 μώμενον
498 1519 742 1574 Σφέγκελον,
779 1515 965 1570 ἐκθύμως
1001 1515 1091 1558 τότε
1129 1514 1475 1570 διαγωνιζόμενον,
1510 1508 1768 1571 κατηκόν-Ξᾷ4

280 1601 409 1638 τισεν,
447 1585 576 1640 ἄνδρα
602 1582 823 1640 γιγαντώδη
855 1586 920 1625 καὶ
948 1581 1148 1625 νεανικόν·
1184 1584 1246 1624 ἐπὶ
1274 1587 1332 1640 τῷ
1353 1581 1499 1624 τούτου
1522 1581 1710 1636 πτώματι

284 1653 620 1709 διαταραχθέντες
650 1641 946 1708 Ταυροσκύθαί
967 1649 1098 1705 βάδην
1120 1654 1192 1692 τοῦ
1214 1651 1349 1691 πεδίου
1375 1647 1616 1691 ’ὗπενόστουν
1641 1651 1709 1691 καὶ
1760 1651 1768 1709 Ξ

282 1721 382 1776 πρὸς
400 1721 445 1762 τὸ
467 1719 568 1762 ἄστυ
587 1719 807 1774 ἠπείγοντο.
851 1723 1069 1772 τηνικαῦτα
1095 1719 1161 1759 καὶ
1185 1716 1416 1773 Θεόδωρος,
1455 1714 1476 1758 ὅ
1496 1716 1569 1771 τὴν
1591 1733 1709 1758 κατε-
1758 1714 1768 1780 ξ

283 1789 491 1841 πωνυμίαν
518 1785 750 1839 Λαλάκων,
797 1785 898 1842 ἀνὴρ
928 1783 1031 1827 κατά
1051 1802 1092 1827 τε
1122 1785 1244 1839 ἀλκὴν
1269 1786 1335 1825 καὶ
1357 1782 1543 1837 σώματος
1568 1781 1707 1843 ῥώμην
1760 1782 1768 1826 5

373 1873 429 1907 13.
459 1869 608 1918 ὑστερέᾳ
631 1870 705 1904 cod.
793 1872 850 1905 21.
880 1869 955 1905 ἐπεὶ
970 1869 1012 1904 τὸ
1033 1868 1165 1905 τούτου
1181 1867 1346 1913 πτώματι
1368 1868 1444 1903 cod.

371 1941 404 1973 2.
430 1939 557 1972 Eodem
586 1944 735 1982 tempore
760 1938 914 1971 triremes
939 1937 1103 1982 igniferae
1127 1938 1345 1971 Romanorum
1363 1947 1446 1969 cum
1473 1934 1615 1968 navibus
1632 1934 1706 1967 fru-

282 1985 452 2018 mentariis
480 1985 619 2016 adverso
637 1984 723 2015 Istro
755 1983 996 2026 adnavigantes
1023 1983 1329 2025 conspiciebantur:
1352 1992 1435 2024 quas
1459 1981 1563 2013 nostri
1587 1979 1707 2012 viden-

283 2034 336 2062 tes
352 2028 540 2062 incredibili
556 2034 632 2061 sunt
650 2028 778 2060 laetitia
797 2028 925 2068 affecti,
949 2039 1011 2060 nec
1027 2028 1132 2059 minus
1148 2028 1295 2070 Scythae
1309 2025 1518 2070 perturbati,
1539 2024 1626 2068 quod
1643 2025 1706 2056 im-

280 2074 423 2118 positum
442 2073 579 2106 navibus
596 2073 760 2106 madidum
785 2073 894 2116 ignem
912 2074 1123 2105 verebantur.
1169 2072 1352 2104 Audierant
1372 2070 1459 2103 enim
1482 2080 1503 2102 a
1525 2068 1705 2102 maioribus

280 2123 359 2152 natu
386 2119 519 2162 gentiS,
554 2118 823 2162 quemadmodum
851 2118 1021 2150 maximam
1044 2117 1182 2150 classem
1204 2116 1355 2158 Ingoris,
1387 2114 1495 2158 patris
1526 2112 1705 2158 Sphendo-

279 2163 420 2203 sthlabi,
443 2164 585 2196 Romani
611 2164 724 2196 eodem
740 2162 873 2195 Medico
888 2163 968 2206 igne
984 2162 1019 2194 in
1035 2161 1142 2194 Ponto
1159 2161 1422 2194 combussissent.
1468 2159 1522 2191 Ita
1547 2158 1706 2192 celeriter

278 2208 471 2241 lenunculos
495 2220 574 2240 suos
598 2212 786 2241 contractos
814 2212 891 2239 ante
916 2218 1024 2239 muros
1049 2206 1162 2250 oppidi
1186 2205 1436 2244 subduxerunt,
1471 2214 1537 2248 qua
1552 2208 1706 2247 praeter·
1748 2211 1753 2216 “

278 2253 384 2286 fluens
404 2253 490 2286 Ister
511 2253 648 2285 alterum
667 2253 754 2285 latus
773 2251 944 2295 Dorystoli
964 2251 1066 2283 alluit.
1112 2250 1256 2283 Eosdem
1271 2249 1434 2293 igniferae
1452 2253 1585 2281 nostrae
1601 2258 1706 2280 naves

279 2297 492 2331 circumcirca
516 2298 761 2338 observabant,
786 2308 827 2329 ne
845 2296 982 2340 Scythis
1007 2295 1150 2328 facultas
1166 2296 1322 2335 daretur,
1345 2293 1533 2327 conscensis
1557 2292 1704 2336 scaphiS,

279 2343 315 2375 in
343 2354 434 2376 suam
462 2354 499 2375 se
521 2342 690 2386 regionem
716 2341 911 2385 recipiendi.
957 2341 1099 2373 Postero
1122 2341 1178 2373 die
1206 2339 1491 2383 Tauroscythae,
1513 2349 1555 2371 ex
1577 2337 1703 2381 oppido

278 2388 425 2431 egressi,
449 2388 553 2421 aciem
572 2388 607 2420 in
628 2387 767 2431 planitie
786 2387 1023 2426 instruxerunt,
1046 2385 1149 2417 scutis
1166 2384 1209 2418 ad
1226 2385 1329 2428 pedes
1343 2395 1447 2427 usque
1461 2382 1703 2426 pertinentibus

279 2438 314 2466 et
331 2433 444 2466 loricis
460 2431 599 2466 hamatis
616 2432 709 2465 tecti.
754 2432 838 2464 Item
856 2430 994 2464 Romani
1014 2430 1134 2463 castris
1153 2430 1323 2473 progressi
1339 2433 1416 2462 sunt
1441 2428 1524 2461 bene
1550 2426 1702 2460 loricati:
1751 2443 1768 2466 ἧς.

278 2482 314 2511 et
328 2478 450 2511 acriter
467 2478 640 2520 'utrimque
662 2481 842 2521 pugnatum
859 2479 928 2515 est,
950 2476 1080 2508 incerta
1101 2475 1244 2508 victoria
1256 2499 1266 2515 ,
1289 2474 1394 2507 altero
1411 2472 1551 2506 alterum
1568 2471 1703 2515 propel-

278 2523 377 2556 lente.
395 2546 403 2549 >
425 2523 495 2555 Ubi
510 2533 591 2555 vero
609 2522 829 2554 Romanorum
846 2520 964 2564 aliquis
985 2532 1025 2553 ex
1048 2520 1212 2563 phalange
1245 2529 1442 2563 procurrens
1466 2516 1700 2561 Sphencefflm,

279 2569 339 2610 qui
364 2568 465 2601 tertio
490 2571 567 2611 post
594 2566 918 2611 Sphendosthlabum
946 2565 1017 2598 loco
1046 2576 1066 2597 a
1093 2565 1335 2608 Tauroscythis
1363 2563 1604 2601 honorabatur,
1627 2560 1702 2592 ani-

278 2623 368 2645 mose
386 2618 465 2646 tunc
489 2612 703 2656 praeliantem
725 2611 882 2650 confixit,
904 2609 1010 2642 virum
1038 2614 1130 2643 vasto
1154 2621 1292 2653 corpore
1323 2612 1359 2641 et
1384 2606 1522 2640 audacia
1545 2604 1700 2638 iuvenili:

280 2657 376 2691 huius
393 2669 474 2691 casu
499 2658 688 2701 perturbati
704 2655 956 2699 Tauroscythae
980 2666 1000 2687 e
1026 2654 1164 2698 planitie
1181 2655 1297 2697 pedem
1311 2653 1458 2692 referre,
1480 2652 1582 2694 inque
1599 2648 1700 2693 oppi-

282 2702 358 2736 dum
382 2715 418 2737 se
444 2704 595 2746 recipere
621 2706 810 2747 coeperunt.
865 2699 993 2732 Eodem
1018 2700 1143 2743 praelio
1167 2699 1366 2733 Theodorus
1393 2699 1607 2740 cognomento
1632 2694 1702 2727 La-

281 2748 375 2790 laco,
409 2749 505 2782 homo
528 2749 570 2782 ob
594 2749 696 2782 robur
721 2744 888 2792 corporis,
921 2744 1010 2790 quod
1033 2755 1189 2780 summum
1203 2748 1276 2780 erat
1298 2744 1334 2778 in
1352 2742 1428 2784 illo,
1450 2739 1644 2776 metuendus
1666 2741 1715 2783 et
1738 2752 1768 2790 „¹-

1760 2069 1768 2134 ..ma—m
1759 2034 1768 2061 ην(
1760 2009 1768 2028 εκ
1759 1918 1768 2001 nomm«
1762 1895 1768 1904 ,Α
1761 1848 1768 1888 >me-
