1748 3094
281 164 380 212 436
690 170 745 213 C.
774 171 820 212 B.
851 168 1006 213 HASII
1030 169 1230 215 NOTAE

282 276 324 313 c,
352 274 416 318 14.
442 274 489 315 Β.
519 275 588 318 41.
613 275 656 315 G.
674 274 742 317 46.
759 274 806 315 Β.
826 274 868 312 c.
899 269 1155 327 Αἰχμάλωτος·
1182 272 1330 325 legitur
1349 276 1417 319 13.
1442 271 1491 315 Δ.
1514 273 1581 320 14.
1600 273 1648 313 A.
1671 278 1724 319 16

392 386 494 426 Ibid.
523 387 593 426 lin.
622 385 687 429 14.
716 386 948 438 Imperator]
976 386 1083 425 Haec
1107 397 1234 438 usque
1258 385 1309 426 ad
1323 385 1414 427 νὴ·
1425 384 1599 426 redirent
1619 400 1659 426 v.
1679 399 1730 426 ex

283 443 537 491 combefisio,
566 442 658 491 Pagi
677 441 743 480 IV.
764 445 804 485 9.

244 495 276 530 D
391 498 692 539 Ibid.l1.n.16
719 513 815 546 τους
841 496 1186 549 παραληφθέντας
1222 494 1475 553 βαρβάρους]
1496 498 1563 537 sic
1590 497 1731 550 scripsi

278 569 358 608 pro
378 552 726 608 παραληφθέντας,
757 554 864 603 quod
885 567 991 591 nunc
1007 554 1202 605 poenitet:
1231 568 1331 593 nam·
1338 568 1475 604 sensu,
1503 568 1621 607 quem
1636 567 1731 593 ver-

281 618 369 649 tens
403 610 596 661 expressi,
625 609 702 646 Leo
730 609 894 647 dixisset
920 609 1265 662 περιλειφθέντας,
1292 618 1339 650 ut
1371 615 1413 656 7.
1437 610 1484 653 A.
1508 614 1573 654 10.
1593 614 1639 649 Α.
1664 613 1731 652 16.

282 669 329 706 A.
358 670 423 710 82.
451 667 495 703 Ι).
516 668 581 709 93.
603 665 644 703 C.
665 669 732 708 97.
757 666 798 706 C.
826 669 918 707 107.
937 666 980 703 Β.
1000 666 1436 718 νεΙριαταλειφθέντας,
1464 670 1506 709 7.
1528 667 1570 705 C.
1592 666 1660 718 45.
1684 666 1730 704 A.

283 723 413 761 Voces
441 721 670 772 λειφθέντες
691 727 731 759 et
746 720 966 772 ληφθέντες
989 734 1106 772 quam
1135 736 1248 774 saepe
1273 728 1567 775 permutentur,
1599 721 1732 774 pluri-

282 779 357 816 bus
388 778 760 816 demonstraverunt
782 776 861 814 viri
889 777 1122 815 eruditionis
1150 779 1367 830 exquisitae
1393 778 1655 817 Boissonadus
1681 777 1733 815 ad

282 834 453 872 Hero'i'ca
483 833 712 871 Philostrati
740 835 835 874 496.
863 833 905 871 C.
935 839 975 870 et
1008 832 1238 873 Schaeferus
1267 835 1319 873 ad
1357 835 1518 886 Gregor.
1550 832 1730 872 Corinth.

398 948 503 996 Pag.
532 943 597 986 54.
628 944 698 983 lin.
720 942 761 985 4.
792 938 919 983 αὐτοῦ
935 958 977 984 τε
995 945 1223 1010 διεχείμαζε]
1236 946 1349 984 Tarsi
1367 945 1533 995 obsidio,
1550 944 1731 998 Mopsve-

287 1002 459 1057 stiaeque
461 976 636 1037 ‘'Adanae
649 1005 687 1036 et
705 999 857 1037 Anazal
859 999 929 1037 bae
949 1002 1187 1051 expugnatio
1207 1002 1424 1040 incidunt
1410 1015 1455 1039 m
1475 1014 1622 1040 annum
1637 1003 1731 1045 964.
1743 1020 1747 1023 -

288 1057 397 1095 cuius
418 1062 525 1106 gesta
550 1055 803 1093 continentul
821 1056 947 1106 capite
966 1058 1016 1126 X.
1041 1063 1079 1094 et
1095 1058 1165 1096 XI.
1187 1056 1304 1096 huius
1326 1057 1432 1097 libri.

401 1113 461 1150 1ὺί
463 1110 500 1149 d.
523 1110 609 1149 ead.
630 1112 699 1149 lin.
727 1110 796 1151 καὶ
813 1109 862 1150 τοῖ
887 1112 927 1160 ἐς
943 1110 1013 1154 τόν
1029 1109 1202 1167 πόλεμον
1221 1112 1459 1169 ἐξηρτύετο]
1486 1112 1550 1188 Ad
1567 1111 1732 1152 verbum

288 1182 338 1207 ex
356 1167 519 1220 Agathia
538 1170 606 1210 37.
635 1168 680 1207 A.
705 1173 744 1205 et
758 1170 829 1210 90.
848 1167 895 1206 A.

778 1357 850 1399 IN
879 1356 1147 1401 LIBRUM
1171 1358 1246 1402 IV.

143 1456 181 1489 P.
205 1456 275 1491 212
407 1449 513 1499 Pag.
543 1448 609 1490 55.
639 1449 708 1485 lin.
738 1448 776 1490 5.
807 1447 974 1498 ὡσπερεὶ
1008 1447 1120 1500 βέλος
1153 1445 1320 1500 κωφὸν]
1359 1447 1611 1493 combefisius
1638 1447 1734 1499 legit

288 1500 446 1553 κουφόν
459 1516 468 1525 ·
498 1505 620 1542 vertit
639 1504 703 1543 IV.
724 1508 798 1545 12:
825 1503 943 1541 haud
961 1518 1075 1541 secus
1093 1518 1144 1540 ac
1161 1505 1244 1542 leve
1262 1505 1397 1543 telum.
1431 1505 1510 1544 Sed
1528 1511 1588 1543 est
1604 1504 1734 1545 imita-

289 1559 346 1596 tio
373 1560 535 1598 Homeri
561 1560 670 1599 Iliad.
693 1563 745 1598 A.
768 1563 861 1602 390.

403 1617 507 1667 Pag.
538 1616 601 1658 56.
632 1616 703 1655 lin.
738 1618 777 1657 8.
806 1611 1074 1668 ἐπαγόμενος]
1113 1616 1282 1654 Multum
1304 1616 1521 1654 delectatur
1548 1615 1625 1653 Leo
1652 1613 1734 1652 hoc

291 1670 433 1720 verbo,
478 1671 636 1722 quando
672 1672 791 1709 duces
819 1672 1034 1710 exercitum
1074 1686 1204 1710 secum
1243 1671 1481 1710 adducentes
1509 1672 1617 1710 facit.
1670 1671 1734 1709 lta

291 1724 510 1780 ἐπάγεσθαι
540 1723 711 1778 δύναμιν
743 1730 808 1769 19.
834 1728 878 1764 Β.
909 1728 999 1778 ἴλην
1032 1730 1096 1769 11.
1126 1728 1171 1766 A.
1197 1732 1265 1771 96.
1286 1730 1330 1766 D.
1359 1729 1586 1769 πανοπλίαν
1601 1726 1733 1769 24.D·

294 1780 477 1836 στρατιάν
506 1787 570 1824 11.
604 1784 645 1821 C.
677 1784 820 1821 Confer
845 1783 1052 1833 Agathiam
1070 1788 1136 1826 79.
1153 1783 1198 1821 A.
1218 1785 1284 1826 75.
1300 1785 1347 1822 D.
1367 1789 1433 1827 92.
1454 1785 1495 1823 C.
1518 1787 1610 1826 122.
1633 1784 1682 1821 Β.

404 1837 509 1876 Ibid.
541 1839 610 1877 lin.
643 1843 706 1882 10.
735 1837 780 1879 τὸ
802 1837 944 1879 ναστὸν
977 1837 1107 1893 ὕψος]
1138 1841 1322 1878 Formula
1348 1840 1519 1879 solennis
1541 1840 1590 1878 de
1607 1837 1734 1877 muris

291 1892 672 1945 Hierosolymitanis.
718 1894 907 1946 Iosephus
924 1897 980 1933 De
996 1896 1099 1933 bello
1118 1895 1202 1933 Iud.
1220 1899 1313 1939 914.
1332 1895 1380 1936 A.
1400 1912 1445 1937 το
1465 1892 1610 1936 ναστὸν
1626 1891 1735 1944 υψος

291 1963 371 1988 των
401 1947 584 2002 πύργων·
612 1951 759 1988 ibidem
784 1952 826 1991 F.
858 1951 922 1991 ἐπὶ
941 1948 1227 2017 τεσσαράκοντα
1245 1949 1286 1992 δ’
1301 1967 1355 2003 ην
1375 1967 1420 1992 το
1443 1948 1588 1991 ναστὸν
1609 1965 1732 1989 αυτου

291 1999 419 2053 ὕψος·
450 2012 518 2042 aut
536 2010 630 2048 767.
651 2008 698 2048 G.
719 2004 891 2047 κατιδων
917 2022 1017 2060 γουν
1036 2004 1094 2056 τό,
1095 2022 1137 2047 τε
1164 2005 1310 2048 ναστόν
1338 2003 1470 2047 αὐτῶν
1490 2003 1612 2056 ὕψος.
1667 2005 1737 2042 Di-

292 2059 398 2097 citur
417 2067 545 2098 autem
564 2060 700 2110 ναστὸς
717 2064 913 2113 eleganter
932 2063 980 2100 de
1001 2063 1210 2102 structuris
1230 2063 1371 2114 plenis,
1398 2062 1476 2100 hoc
1496 2068 1566 2111 est,
1588 2062 1632 2099 in
1650 2061 1735 2112 qui-

253 2113 363 2155 Bbus
384 2116 513 2153 nullae
541 2119 726 2156 cavitates
752 2119 1181 2169 concamerationesque
1199 2119 1291 2158 sint.
1345 2118 1452 2156 Idem
1474 2116 1658 2169 Iosephus
1677 2117 1735 2154 De

289 2170 395 2208 bello
424 2171 507 2210 Iud·
531 2176 625 2215 914.
655 2175 700 2213 G.
729 2190 750 2214 o
777 2173 820 2214 δὲ
851 2175 979 2237 τρίτος
1003 2171 1181 2226 πύργος.
1200 2173 1343 2227 .μέχρι
1361 2172 1432 2225 μὲν
1453 2174 1575 2214 εικοσι
1595 2187 1736 2225 πηχων

288 2223 428 2273 ναστὸς
443 2221 506 2278 ἦν.
546 2228 770 2280 Ibidemque
789 2230 882 2272 747.
900 2231 942 2267 F.
959 2230 1001 2266 in
1018 2244 1092 2281 por
1094 2236 1139 2267 tu
1161 2230 1400 2267 Caesariensi
1417 2226 1570 2283 πύργον
1587 2226 1735 2269 ναστον

287 2282 407 2319 fuisse
426 2282 576 2324 scribit.
635 2285 722 2322 De
710 2285 835 2323 ianuis
858 2285 982 2323 aureis
1007 2288 1044 2322 S.
1064 2286 1225 2324 Ioannes
1249 2285 1551 2337 Chrysostomus
1570 2286 1625 2323 De
1642 2284 1735 2324 edu-

292 2337 427 2375 candis
445 2338 578 2376 liberls
595 2341 662 2404 36.
686 2341 726 2381 C.
744 2338 836 2388 όλας
852 2338 907 2381 δι’
929 2337 1023 2381 σ’λου
1043 2337 1121 2382 ἀπὸ
1138 2345 1287 2404 χρυσρῦ
1302 2338 1633 2390 κατασκευασθαι,
1661 2354 1735 2379 πα-

289 2394 397 2444 χείας
424 2393 492 2433 καὶ
509 2406 677 2442 ναστας.
733 2397 852 2442 Quod
881 2397 969 2434 ideo
990 2410 1148 2446 moneo,
1180 2398 1270 2448 quia
1292 2397 1336 2435 in
1359 2397 1602 2445 Timaui-ione,
1629 2396 1734 2433 inter

289 2448 478 2488 Notitias·
476 2449 607 2487 codd.
627 2464 719 2488 mss.
741 2452 1005 2490 Bibliothecae
1027 2454 1116 2502 Reg.
1137 2460 1233 2491 tom.
1255 2454 1321 2491 IX.
1338 2460 1441 2520 part.
1455 2454 1500 2494 Π.
1521 2466 1543 2490 a
1564 2465 1626 2490 me
1644 2451 1734 2489 edi—

289 2511 355 2554 to,
384 2518 425 2556 p.
460 2508 549 2548 196.
579 2505 650 2544 lin.
678 2508 831 2558 penult.
860 2508 903 2544 in
929 2509 1058 2546 verbis
1084 2512 1141 2564 τῷ
1161 2512 1291 2564 λαστῷ
1309 2513 1380 2561 τῆς
1403 2505 1733 2561 σφυρηλατήσεως

288 2560 502 2610 legendum
526 2567 586 2598 est
609 2575 762 2602 ναστω·
800 2563 906 2613 quod
928 2570 1113 2601 annotare
1132 2571 1231 2602 tunc
1256 2565 1420 2615 neglexi.
1470 2564 1614 2602 Confer
1638 2563 1734 2601 item

289 2617 447 2653 Salmas.
468 2616 519 2653 ad
537 2617 658 2656 Solin.
680 2618 710 2655 I.
731 2622 825 2661 768.
846 2618 891 2656 A.
906 2640 964 2648 —
982 2619 1017 2656 A
1034 2618 1174 2667 ναστὸς
1190 2621 1256 2658 vel
1272 2620 1406 2672 potius
1426 2633 1449 2657 a
1467 2615 1602 2659 νασσω
1624 2619 1734 2658 deri-

286 2678 404 2709 vatur
420 2686 502 2711 vox
517 2688 660 2726 ναγμα,
681 2680 847 2712 stratum
863 2674 1065 2725 lapideum
1086 2676 1268 2725 solidum,
1291 2689 1368 2727 quo
1389 2676 1521 2713 littora
1543 2682 1611 2712 aut
1624 2675 1734 2726 ripae

288 2726 488 2765 adversus·
499 2728 583 2766 vim
613 2743 802 2781 aquarum
829 2731 1076 2780 vestiuntur,
1108 2730 1280 2783 crepido.
1328 2730 1516 2799 Iosephus
1548 2732 1603 2768 De
1625 2731 1733 2769 bello

286 2781 372 2823 Iud.
402 2784 496 2825 747
525 2783 639 2827 Ε.τό
667 2783 744 2840 πρὸ
772 2782 907 2826 αὐτῶν
939 2788 1022 2827 πᾶν
1051 2784 1183 2841 κύκλῳ
1212 2784 1343 2840 νάγμα
1365 2791 1448 2835 τοῖς
1469 2784 1733 2838 αποβαίνουσι
