1748 3094
270 158 369 206 438
691 163 738 208 C.
766 165 813 207 B.
843 162 994 208 HASH
1024 163 1224 207 NOTAE

270 269 351 308 sius
366 268 564 310 Halicam.
586 267 722 320 Antiq.
738 270 851 307 Rom.
869 267 900 306 Ι.
922 270 1014 311 113.
1035 270 1073 310 6.
1101 266 1145 308 ἐν
1165 261 1332 323 037¹:qu)
1350 267 1528 310 τίθενται
1552 284 1625 311 τον
1638 265 1712 323 χᾶ-

267 326 645 381 ρακα.Η11ᾶεοιιηε
680 331 805 374 recte,
842 325 886 361 in
913 324 1000 361 loco
1029 324 1184 362 occulto
1213 331 1350 362 caetra
1368 333 1602 376 posuerunt.
1658 327 1713 363 Ut

268 383 440 420 nesciam
471 395 591 434 quare
620 381 714 419 alibi
743 381 774 419 Ι.
802 382 895 423 838.
923 381 988 422 15
1011 380 1054 420 οἱ
1081 377 1125 420 δὲ
1139 382 1220 420 τῶν
1242 376 1506 422 Οὐολούσκων
1522 378 1713 435 ἡγεμόνες

268 433 350 487 ἐξ’
326 434 506 479 απόπτου
529 442 614 485 τοῖς
627 436 829 489 Ῥωμαίοις
845 431 1202 489 παρεμβαλλοντες,
1227 435 1403 486 verterit,
1431 438 1474 476 in
1495 438 1630 476 locam
1649 451 1714 475 ex-

270 495 440 543 cels-um,
473 493 576 531 unde
600 495 808 531 Romanos·
838 494 1060 543 conspicere
1078 498 1267 543 possent:
1293 494 1522 560 prae-sertim
1550 507 1639 532 cum
1660 507 1712 532 ex

268 550 366 589 serie
403 549 639 588 narrationis
676 554 828 601 pateat,
869 548 1054 594 Volscos,
1090 547 1277 587 Romanis
1309 544 1359 588 ου’
1387 548 1714 602 προσδεχομένοις

271 603 359 659 (lin.
378 603 484 658 31),
514 605 749 654 ἐξαπιναίως
771 604 1024 656 supervenire
1049 604 1238 655 potuisse.
1269 604 1460 656 Georgius
1486 605 1633 645 Pisides
1657 607 1714 644 De

270 662 446 702 vanitate
469 662 573 701 vitae
590 664 643 704 89
663 675 769 713 sqq.:

575 745 642 793 Τίς
662 761 736 786 ουν
760 741 964 797 σκοπήσας
979 744 1019 794 ἐξ
1039 739 1218 785 απόπτου
1235 743 1402 797 καρδίας

575 799 627 841 Τό
646 804 718 842 τοῦ
734 802 826 853 βίου
849 801 1020 854 θέατρον
1041 796 1230 852 αἰσχύνης
1246 799 1376 853 γέμον,

506 870 509 873 ’
571 854 715 911 Θρήνῳ
734 860 897 910 γελωντι
916 855 970 910 μὴ
990 855 1125 909 σβέσοι
1141 871 1186 896 το
1207 856 1416 908 παίγνιονς

229 943 258 978 Β
275 944 400 995 Quis,
432 942 500 990 ait,
528 948 709 993 spectans
721 955 766 978 ex
788 942 938 979 occulto
958 939 1104 990 cordis,
1133 954 1178 978 ex
1196 938 1313 978 corde
1336 941 1492 989 intimo,
1517 936 1594 982 etc.
1614 940 1714 979 Fre-

271 1000 428 1038 dericus
462 998 649 1036 Morellus
681 999 811 1036 minus
839 1004 944 1049 apte,
985 997 1151 1048 opinor:
1197 997 1299 1048 Quis
1325 994 1441 1033 eorde
1464 1004 1648 1047 spectans
1669 1011 1715 1036 ex
1741 1016 1745 1020 ·

268 1054 561 1106 inaspectabili.
616 1054 722 1092 Huic
747 1054 1025 1122 significatioqi
1052 1058 1215 1104 cognata
1239 1058 1297 1090 est
1315 1052 1459 1101 altera,
1488 1060 1663 1091 remotus
1686 1066 1716 1090 a

267 1112 406 1160 nobis,
437 1110 688 1148 disiunctus:
715 1117 763 1148 ut
786 1111 876 1148 ideo
903 1109 943 1158 ἐξ
974 1106 1150 1150 οἷπόπτου
1165 1109 1243 1146 iam
1261 1122 1343 1146 non
1373 1122 1418 1146 ex
1437 1110 1617 1159 occulto,
1643 1109 1713 1148 sed

269 1182 315 1205 ex
330 1169 547 1219 longinquo
575 1166 809 1207 veltendum
829 1166 892 1207 sit.
950 1164 1164 1217 Sophocles
1181 1165 1349 1204 Philoct.
1367 1164 1470 1208 467:

470 1278 910 1290 ............
938 1246 1070 1302 καιρὸς
1089 1265 1175 1318 γαρ
1190 1251 1305 1288 καλεῖ

464 1308 605 1347 Πλοῦν
624 1322 678 1359 μη
701 1302 732 1355 ’ξ
752 1301 935 1346 απόπτου
955 1302 1147 1358 μᾶλλονἋ
1118 1322 1144 1357 η
1164 1301 1327 1359 ’γγύθεν
1345 1307 1520 1346 σκοπεῖν.

266 1390 480 1430 Aeschines
506 1391 594 1428 loco
617 1390 811 1428 celebrato
840 1388 1010 1427 Axiochi
1031 1388 1121 1431 149.
1147 1388 1193 1427 A.
1215 1391 1365 1438 λαλεῖς,
1397 1387 1452 1436 ω”ς
1465 1388 1512 1437 ἐξ
1534 1384 1714 1429 οἷπόπτου

267 1444 471 1498 θεώμενος
484 1459 495 1470 ·
515 1446 630 1498 ἡμεῖς
651 1442 684 1485 δ’
706 1446 819 1497 ἰ’σμεν
837 1442 1110 1497 ἀκριβέστερον
1128 1445 1171 1485 οἰ
1184 1442 1250 1484 διὰ
1267 1445 1405 1498 πείρας
1425 1440 1561 1492 ἰόντες.
1591 1444 1715 1496 Quip-

266 1517 318 1555 pe
343 1504 397 1541 sic
420 1503 660 1541 commodius
679 1502 782 1540 verti
803 1502 971 1539 arbitror
992 1513 1108 1551 quam
1129 1516 1148 1538 e
1164 1501 1347 1552 specula,
1375 1506 1423 1537 ut
1439 1501 1529 1538 vult
1551 1499 1714 1538 Fische-

267 1573 337 1598 rus
369 1560 419 1597 ad
450 1558 489 1597 h.
517 1560 544 1596 l.
591 1558 712 1609 Apud
742 1557 955 1595 Philonem·
977 1569 1154 1607 quoque,
1185 1556 1252 1607 qui
1279 1556 1486 1607 quinquies
1510 1555 1713 1594 Aeschinis

270 1615 446 1653 imitatus
473 1615 603 1652 locum
636 1620 713 1662 est,
741 1614 795 1650 De
824 1612 1053 1650 temulentia
1082 1616 1176 1654 202.
1209 1613 1256 1651 A.
1290 1614 1342 1649 De
1370 1613 1525 1663 profng.
1553 1615 1646 1654 861.
1666 1613 1713 1651 Β.

233 1671 330 1714 CDe
355 1672 436 1710 vita
463 1671 580 1708 Mosis
605 1670 697 1712 516.
725 1670 768 1707 F.
793 1669 909 1716 Quod
939 1668 1065 1706 omnis
1088 1669 1238 1719 probus
1257 1668 1357 1706 liber
1372 1669 1424 1706 sit
1443 1672 1537 1710 670.
1557 1668 1601 1706 F.
1636 1664 1715 1722 (ov

267 1723 394 1779 μόνον
416 1743 489 1767 ουκ
505 1727 692 1778 ἐπιβῆναι
711 1728 783 1776 τῆς
804 1740 950 1777 χωρας,
981 1720 1069 1764 ἄλλ’
1089 1720 1183 1764 οὐδ’
1202 1724 1242 1772 ἐξ
1263 1720 1439 1764 ἀπόπτου
1459 1739 1504 1764 το
1528 1728 1714 1778 πατρῷον

271 1783 418 1833 ἔδαφος
450 1779 680 1823 θεασασθαι
707 1777 983 1834 δυναμένους.)
1013 1781 1070 1817 De
1089 1780 1170 1818 vita
1191 1780 1441 1831 contemplat.
1460 1783 1553 1822 691
1572 1781 1616 1819 Ε.
1637 1780 1714 1817 du-

270 1839 382 1876 bium
407 1853 490 1876 non
519 1845 576 1876 est
594 1839 691 1888 quin
710 1837 761 1875 sit
781 1852 799 1873 e
819 1838 1051 1888 longinquo.
1110 1836 1377 1874 Penultimum
1398 1849 1446 1873 ex
1465 1835 1591 1873 allatis
1618 1835 1714 1873 Phi-

270 1895 373 1932 ]onis
391 1895 486 1932 locis
511 1894 745 1946 expressisse
762 1893 920 1931 videtur
940 1893 1071 1930 Aristo
1093 1893 1267 1930 Pellaeus
1286 1892 1391 1943 apud
1412 1891 1712 1930 Euseb.Histo1-.

270 1950 613 1992 Eccles.118.1).
642 1951 689 1987 de
718 1949 891 1987 Adriano
922 1949 1027 1987 Caes.
1051 1948 1204 1986 Iudaeis
1221 1948 1458 1999 imperante,
1487 1959 1538 1984 ne
1561 1943 1656 1997 μηδ’
1672 1947 1713 1995 ἐξ

271 2002 452 2046 ἀπόπτου
484 2010 675 2057 θεωροῖεν
705 2021 748 2045 το
778 2008 961 2059 πατρῷον
982 2004 1147 2052 ἔδαφος,
1176 2019 1223 2041 ne
1252 2019 1271 2040 e
1292 2005 1509 2054 longinquo
1528 2001 1712 2052 quidem.-

272 2061 369 2097 item
400 2061 482 2112 ipse
510 2062 694 2099 Eusebius
726 2062 779 2098 De
807 2067 967 2111 martyr.
1001 2060 1206 2098 Palaestin.
1236 2059 1340 2101 334.
1359 2059 1400 2096 C.
1426 2058 1471 2095 In
1497 2058 1712 2096 Plutarcho

271 2130 424 2167 quoque
442 2118 603 2154 Eumen.
620 2120 712 2159 592.
734 2118 778 2154 E.
789 2113 913 2156 τόπον
934 2116 974 2164 ἐξ
993 2112 1174 2156 oe’no‘mov
1194 2117 1417 2167 καταφανῆ,
1440 2114 1571 2151 locum
1589 2129 1608 2150 e
1627 2115 1712 2151 lon-

268 2174 422 2224 ginquo
442 2172 655 2210 fidendum
674 2173 907 2210 vertendum
924 2172 1094 2209 arbitror
1108 2173 1242 2221 potius
1263 2183 1379 2221 quam
1396 2182 1484 2206 cum
1503 2170 1712 2220 Xylandro

271 2242 316 2264 ex
342 2227 445 2264 edito
476 2231 747 2278 conspicuum.
804 2229 863 2265 Ab
895 2227 970 2264 hac
991 2227 1271 2283 significatione
1293 2239 1455 2277 prorsus
1476 2225 1608 2263 differt
1627 2232 1712 2264 ter-

270 2284 348 2332 tia,
379 2297 454 2335 qua
473 2282 648 2331 α’ποπτος
675 2284 788 2321 1eddi
813 2285 946 2332 debet,
975 2283 1086 2320 locus
1103 2278 1182 2332 αφ’
1199 2277 1250 2321 οὗ
1266 2298 1324 2328 τις
1340 2278 1501 2321 δυ’ναται
1519 2282 1618 2322 ἰδεῖν
1640 2297 1711 2333 μα-

269 2355 391 2391 κραν,
419 2345 467 2376 ut
497 2340 626 2377 ve1bis
651 2346 742 2377 utar
770 2338 983 2377 Phavorini
1012 2338 1224 2375 Dictionar.
1244 2342 1310 2380 72.
1326 2351 1462 2374 verso.-
1490 2350 1565 2375 nec
1580 2337 1712 2388 inepte

236 2396 473 2437 Dinterdum
504 2402 656 2432 vertere
673 2395 798 2445 possis
820 2396 1025 2443 summis,
1054 2392 1196 2430 editus.
1236 2395 1272 2433 S
1303 2393 1512 2443 Gregorius
1530 2393 1710 2430 Naziauz.

272 2452 475 2490 Iuvectiva
499 2451 541 2488 in
569 2451 709 2488 Iulian
742 2451 770 2488 I.
789 2454 855 2492 78.
877 2452 921 2488 Α.
944 2447 1073 2502 ὧσπερ
1101 2449 1141 2497 ἐξ
1173 2445 1356 2489 οἷπόπτου
1373 2464 1477 2495 τινος
1496 2447 1564 2488 καὶ
1580 2459 1710 2498 μεσαι-

273 2505 391 2558 τάτης
413 2509 627 2575 περιωπῆς.
686 2508 723 2543 S.
741 2506 905 2543 Ioannes
922 2505 1123 2555 Chrysost.
1146 2505 1254 2544 Orat.
1272 2519 1312 2542 x.
1331 2505 1374 2542 in
1394 2504 1569 2541 Abraam.
1586 2516 1625 2541 v.
1643 2503 1710 2544 44.

274 2568 341 2605 22
371 2564 410 2612 ἐξ
436 2559 614 2602 απόπτου
640 2561 706 2601 καὶ
739 2559 929 2625 μετεώρου
957 2557 1089 2601 τόπου.
1146 2561 1252 2598 idem
1273 2561 1381 2599 01at
1398 2572 1488 2598 xm.
1513 2559 1563 2596 ad
1584 2558 1710 2596 Stete-

274 2619 406 2656 thium
435 2632 491 2656 vl.
520 2619 610 2660 151.
633 2621 669 2658 2.
696 2617 738 2656 εκ
758 2632 864 2663 τινος
886 2613 1065 2655 απόπτου
1082 2620 1275 2667 κορυφῆς.
1314 2615 1611 2664 Inveniturque
1626 2626 1709 2651 sae-

271 2675 349 2724 pis
336 2675 429 2711 ime
457 2687 502 2711 eo
530 2686 646 2711 sensu
672 2689 715 2712 το
737 2670 915 2711 α’ποπτω
935 2671 1197 2718 substantive
1229 2673 1340 2708 loeus
1360 2669 1464 2708 unde
1481 2677 1710 2720 pto-spectus-

269 2737 404 2779 ματρί,
434 2731 608 2780 specula.
665 2727 854 2779 Iosephus
876 2727 1007 2777 Antiq.
1034 2730 1126 2768 461.
1147 2729 1188 2766 Β.
1210 2724 1439 2778 ἑστιώμενος
1457 2724 1531 2792 γάρ
1551 2725 1592 2764 ἐν
1612 2721 1708 2764 αἰπό-

272 2800 354 2838 πτῳ
384 2784 478 2836 μετά
497 2788 575 2824 τῶν
595 2785 854 2824 παλλακίδων.
914 2783 967 2820 De
994 2783 1095 2819 bello
1122 2783 1202 2820 [ud.
1223 2786 1316 2824 737.
1334 2783 1375 2819 B.
1398 2781 1436 2829 ἔξ
1462 2777 1644 2821 τῖποπτου
1666 2778 1709 2820 δὲ
