1768 3034
209 165 300 197 xxx
764 155 815 198 C.
841 156 888 199 B.
916 153 1070 199 HASII

210 263 364 303 saeculo
388 261 508 301 tertio
540 259 592 300 ad
610 260 836 300 Heraclium
853 259 952 310 Aug.
972 258 1213 298 floruerunt:
1240 270 1334 297 nam
1358 256 1466 311 apud
1483 257 1560 298 hos
1577 271 1656 311 po-

208 332 291 370 tius
322 329 475 381 aliquid
505 328 649 379 integri
680 327 841 379 sanique
869 326 1102 366 remansisse
1137 325 1379 365 credendum
1408 330 1489 374 est,
1537 337 1657 376 quam
1727 347 1735 358 ι

209 398 315 451 apud
342 397 433 435 illos
465 396 535 448 qui
556 409 656 435 saec.
685 409 757 434 vu.
787 400 826 432 et
853 394 1037 446 deinceps
1060 394 1244 443 fuerunt,
1272 405 1397 443 usque
1423 392 1476 430 ad
1498 397 1655 443 captam

205 464 358 504 urbem.
423 463 483 502 Ab
512 463 710 502 historicis
740 461 1075 500 illustrationibus
1103 460 1339 512 plerumque
1367 472 1431 498 me
1458 458 1651 499 continui.

207 535 310 570 Sunt
329 530 398 583 qui
419 531 582 569 materia
602 545 624 568 a
642 529 756 568 nobis
779 533 917 580 parata
933 533 1041 566 recte
1057 533 1244 574 utantur,
1272 526 1486 578 scriptores
1506 525 1655 578 proba-

205 598 304 637 biles
323 598 449 647 multi,
481 599 629 649 aliquot
643 597 761 635 etiam
779 595 941 645 summi,
971 601 1017 633 ut
1034 593 1328 647 componendae
1341 592 1531 631 historiae
1549 593 1657 632 clara
1727 615 1733 646 ᾗ

206 665 286 718 ipsi
305 665 496 716 exempla,
527 666 583 703 ita
603 663 909 717 compositarum
925 662 1067 715 optimi
1085 661 1249 700 iudices.
1289 660 1409 699 Velut
1425 660 1470 698 in
1488 661 1657 699 Germa-

203 733 271 771 nia
291 732 520 770 Fredericus
541 730 847 783 christophorus
873 731 1152 778 Scnrossrnus,
1182 728 1251 780 qui
1268 727 1372 766 libro
1395 740 1545 780 paucos
1563 732 1655 766 ante

206 814 330 838 annos
362 800 467 838 edito
497 800 666 851 impetus
699 799 1007 850 Imperatorum,
1047 795 1390 848 Constantinopoli
1419 798 1656 835 Sanctorum

203 867 388 918 imagines
415 867 706 915 infestantium,
735 879 816 904 non
844 865 997 904 minore
1024 857 1205 903 acumine
1220 877 1337 915 quam
1357 864 1543 903 facundia
1561 865 1654 903 feli-

206 934 358 972 cissime
384 934 574 986 exposuit.
629 935 677 972 In
701 933 841 971 Russia
868 932 1054 970 Nicolaus
1079 933 1312 981 KABAMSIN,
1340 929 1525 970 historiae
1555 945 1655 984 pro-

205 1000 431 1039 batissimae
457 1006 616 1050 auctor,
646 1014 722 1052 qua
745 999 892 1053 patrias
913 999 1164 1050 antiquitates
1182 1012 1270 1037 rara
1289 998 1448 1036 dicendi
1468 999 1656 1038 facultate

206 1067 438 1105 mirabiliter
472 1068 703 1106 illustravit:
743 1074 783 1105 et
807 1066 1036 1118 cumprimis
1065 1065 1272 1118 Philippus
1304 1066 1442 1115 Kana,
1480 1065 1547 1103 cui
1574 1066 1654 1104 iam

208 1135 388 1186 superius
412 1134 561 1173 debitas
588 1134 732 1186 gratias
762 1135 994 1185 meritasque
1012 1133 1094 1184 egi,
1126 1135 1238 1171 cuius
1259 1133 1306 1170 in
1324 1133 1552 1171 Tentamine
1570 1133 1653 1171 cri-

207 1201 290 1239 tico
321 1202 372 1240 ad
388 1201 662 1240 illustrandam
691 1200 982 1252 chronologiam
1001 1201 1280 1251 Byzantinam,
1306 1199 1509 1251 Petropoli
1531 1202 1652 1243 1810.

206 1266 361 1320 (omitto
392 1269 467 1306 alia
487 1270 566 1308 eius
588 1269 753 1321 scripta,
784 1282 883 1320 quae
909 1268 1034 1306 multa
1061 1266 1194 1320 sunt),
1221 1267 1397 1320 perfecta
1413 1279 1550 1305 rerum
1565 1273 1653 1306 tum

204 1334 449 1373 Slavicarum
477 1342 564 1374 tum
592 1336 958 1388 septentrionalium
982 1335 1174 1386 cognitio,
1202 1348 1355 1372 summa
1370 1333 1525 1372 ratione
1549 1348 1652 1373 con-

203 1401 559 1454 sideratissimaque
578 1403 790 1455 prudentia
811 1403 965 1453 adiuta,
996 1402 1138 1451 eluxit,
1168 1401 1356 1453 cuiusque
1376 1401 1652 1441 eruditissimis
1715 1413 1719 1415 “
1749 1383 1763 1414 ζ

205 1469 542 1507 observationibus
575 1470 617 1507 in
639 1470 717 1508 hoc
738 1484 897 1522 quoque
915 1483 1031 1522 opere
1047 1468 1199 1508 edendo
1216 1482 1299 1507 non
1319 1469 1570 1508 mediocriter
1588 1483 1652 1509 me

204 1535 383 1573 adiutum
414 1549 496 1574 esse
526 1551 726 1589 nunquam
748 1536 1015 1575 dissimulabo.
1071 1536 1118 1574 In
1143 1535 1290 1586 Gallia,
1321 1536 1429 1574 omni
1452 1528 1651 1589 politioris

202 1603 446 1641 litteraturae
472 1610 511 1642 et
545 1605 812 1656 a11tiquitafiS‚
857 1603 964 1642 omni
992 1602 1245 1640 scientiarum
1273 1615 1413 1653 genere
1440 1604 1650 1655 excellens,

203 1670 296 1709 Ant.
326 1671 463 1709 Ioann.
490 1671 718 1722 Lmnonxn,
749 1671 885 1710 multis
902 1670 1000 1709 mihi
1017 1670 1240 1709 nominibus
1267 1684 1402 1717 carus,
1431 1685 1515 1710 non
1531 1672 1650 1711 modo

202 1737 359 1787 ingenio
391 1738 731 1790 splendidissimO,
760 1738 829 1777 sed
861 1741 1019 1793 κριτικῇ
1044 1749 1199 1789 quoque
1226 1737 1411 1788 singulari
1434 1745 1551 1790 atque
1577 1753 1652 1779 ex-

204 1804 349 1855 quisita
377 1812 590 1856 praestans.
647 1807 781 1858 Neque
811 1806 866 1844 ibi
890 1812 983 1858 post
1001 1805 1266 1854 Ameilhonis,
1295 1805 1500 1858 scriptoris
1517 1807 1648 1859 politi,

203 1885 331 1923 neque
358 1878 450 1924 post
479 1873 549 1910 lib.
579 1874 667 1912 Bar.
688 1874 737 1912 de
762 1873 895 1911 sainte
912 1895 935 1902 -
955 1873 1098 1923 croix,
1124 1873 1204 1912 viri
1221 1873 1454 1923 venerandi,
1484 1874 1648 1922 obitum,

202 1952 331 1990 neque
348 1939 392 1976 in
401 1939 602 1978 Britannia
612 1947 705 1992 post
730 1941 947 1978 Gibbonem
961 1940 1044 1978 vita
1062 1941 1262 1988 functum,
1278 1940 1422 1978 desunt
1445 1940 1514 1977 alii
1537 1954 1649 1979 sum-

201 2019 267 2043 ma
297 2006 476 2043 doctrina
503 2020 732 2059 summoque
757 2006 903 2045 iudicio
923 2006 1120 2057 homines,
1147 2007 1191 2044 in
1210 2005 1648 2061 explorandascripto·

202 2085 293 2111 rum
315 2072 433 2111 medii
451 2073 537 2112 aevi
555 2074 632 2112 fide
652 2074 868 2112 exercitati.
923 2073 996 2111 His
1019 2087 1100 2124 ego,
1129 2074 1334 2112 transactis
1350 2074 1428 2112 iam
1448 2075 1544 2113 meis
1557 2090 1648 2128 par-

202 2139 329 2189 tibus,
362 2140 530 2178 Leonem
557 2139 746 2180 historica
770 2140 924 2179 ratione
949 2140 1248 2191 illustrandum,
1291 2141 1325 2179 si
1349 2142 1492 2192 velint,
1516 2143 1646 2182 trado.

202 2206 303 2245 Mihi
330 2206 422 2245 satis
454 2206 552 2256 fuit,
581 2209 784 2246 materiam
813 2208 915 2258 illis,
944 2222 1024 2246 non
1050 2208 1251 2258 indignam
1275 2208 1460 2246 facultate
1476 2215 1516 2247 et
1535 2209 1646 2261 copia

202 2272 399 2324 ipsorum,
428 2272 639 2324 subiicere,
669 2275 905 2326 interimque
923 2275 965 2313 in
983 2288 1098 2327 opere
1118 2275 1177 2313 sic
1190 2275 1360 2325 versari,
1388 2270 1438 2314 ut
1457 2276 1648 2327 quaedam

205 2340 278 2378 otii
297 2340 374 2378 mei
401 2345 570 2378 exstaret
596 2340 721 2390 ratio,
750 2342 918 2394 indeque
945 2343 1099 2380 litterae
1122 2341 1292 2380 Graecae
1319 2343 1449 2394 aliqua
1468 2357 1518 2382 ex
1535 2350 1648 2396 parte

200 2407 550 2460 locupletarentur.
605 2407 652 2444 Id
678 2414 807 2447 totum
836 2409 1044 2447 consilium
1070 2409 1296 2460 factumque
1320 2423 1450 2449 meum
1476 2411 1510 2449 si
1528 2425 1548 2448 a
1569 2411 1648 2450 do·-

203 2474 275 2511 ctis
305 2475 555 2527 probabitur,
584 2474 700 2512 nullo
726 2476 803 2514 alio
833 2476 1011 2515 decorari
1030 2475 1204 2515 laborem
1225 2490 1357 2515 meum
1373 2478 1549 2530 praemio
1567 2491 1647 2530 po-

200 2542 304 2579 stulo
319 2572 331 2591 ,
372 2543 423 2580 ad
459 2541 634 2593 aliosque
658 2543 919 2594 Byzantinos,
958 2543 1075 2580 simili
1104 2544 1257 2582 ratione
1287 2544 1478 2595 edendos,
1514 2543 1646 2582 minus

200 2610 420 2647 verecunde
447 2615 777 2662 cunctanterque,
807 2624 922 2661 quam
952 2609 1083 2648 adhuc
1112 2610 1211 2661 feci,
1242 2612 1453 2662 aggrediar.
1507 2611 1644 2650 Habeo

202 2675 306 2712 enim
336 2677 446 2727 prelo
467 2677 545 2715 iam
569 2677 724 2730 pridem
750 2683 888 2730 parata
907 2676 1110 2715 Michaelis
1131 2678 1248 2717 Pselli
1265 2679 1456 2727 Annales,
1486 2678 1647 2730 Georgii

200 2739 419 2780 Hamartoli
448 2743 694 2794 Chronicon,
718 2743 931 2797 Nicephori
965 2744 1157 2795 Gregorae
1182 2746 1303 2786 libros
1337 2746 1488 2799 aliquot
1514 2745 1647 2785 adhuc
