1760 3034
0 177 3 242 ’

402 147 466 192 ΙΝ
492 145 807 191 THEODOSII
834 144 1144 191 ACROASES.
1387 141 1490 190 561

44 265 91 292 eo
105 250 335 304 turpissime
359 250 520 290 ductam
545 257 747 305 tamquam
762 250 961 305 pollutum
987 250 1349 304 exsecrandumque
1366 251 1490 292 devo-

0 341 1 355 ,
42 321 135 348 vere
149 307 385 349 debuissent.

154 378 222 418 72
279 369 571 427 Ξενοσπόρους]
600 374 805 415 Cornelius
829 374 932 414 male
959 372 1084 419 edidit
1110 370 1366 429 ξενοπὸρους,
1404 375 1492 415 for·-

42 429 157 469 tassis
181 429 417 482 typographi
446 429 557 470 vitio.

154 499 222 539 73.
247 492 446 550 ’Λφρικῶν
465 496 641 549 Σικελία]
670 497 732 536 Ex
758 510 802 536 ea
824 495 980 535 Siciliae
993 502 1118 548 parte,
1146 509 1243 548 quae
1262 499 1493 550 Lilybaeum

43 553 346 603 complectitur,
376 565 554 604 quaeque
583 553 718 592 Africo
744 553 844 593 mari
874 552 1060 601 alluitur,
1091 553 1275 592 Saraceni
1305 555 1493 605 Africani,

41 608 254 660 Euphemii
293 607 442 647 artibus
470 608 650 660 dolisque
678 610 827 659 adiuti,
863 609 907 647 in
932 608 1106 647 Insulam
1142 607 1379 660 irruperunt
1405 612 1494 659 sui·

43 677 122 715 que
138 664 239 702 iuris
252 664 391 713 fecere,
405 663 597 702 michaele
611 665 731 704 Balbo
743 666 983 716 Imperatore
1000 677 1063 703 an.
1075 662 1170 704 Chr.
1180 664 1492 706 DCCCXXVIII.

42 720 201 758 Videsis
233 720 339 758 inter
366 726 514 759 ceteros
547 720 768 760 Cedrenum
798 721 946 761 Histor.
975 721 1113 772 Comp.
1137 733 1226 772 pag.
1250 722 1345 764 512.
1373 723 1495 762 Nice-

42 775 193 828 phorus
225 789 322 814 vero
355 775 404 814 de
432 790 476 814 ea
503 776 551 814 ab
576 777 772 816 Africanis
795 776 1037 815 vindicanda
1063 775 1107 814 in
1134 775 1223 828 ipso
1250 777 1406 829 imperii
1432 778 1497 816 sui

44 831 212 870 exordio
238 831 450 882 cogitavit,
490 845 614 884 eoque
640 833 863 872 Manuelem
886 832 1017 882 misit,
1047 831 1116 882 qui
1142 831 1361 872 iuventutis
1388 841 1498 873 aestu

46 889 216 936 fervens,
248 900 372 939 quum
400 901 471 925 nec
485 887 583 926 bene
603 889 715 927 ducis
731 889 864 928 officio
891 889 1121 939 fungeretur
1149 893 1188 925 et
1211 888 1320 927 vitiis
1339 890 1498 928 deditus

44 944 267 982 sanioribus
297 956 379 980 non
397 944 684 996 obtemperaret
702 945 900 995 consiliis,
929 943 1076 996 asperis
1092 943 1326 995 quibusdam
1355 946 1500 984 inviis-

45 1012 122 1051 que
152 999 250 1037 locis
277 999 430 1037 Siciliae
455 1000 630 1038 inclusus
660 1014 700 1040 se
736 1001 867 1053 ipsum
892 1006 1100 1052 totumque
1134 1000 1349 1039 exercitum
1386 1001 1500 1040 foede

44 1055 234 1109 perdidit.
291 1056 461 1095 Consule
485 1057 785 1108 praelaudatum
809 1057 1030 1095 cedrenum
1054 1054 1152 1095 ibid
1180 1069 1267 1107 pag.
1292 1056 1387 1099 654.

158 1127 226 1167 78.
256 1121 414 1176 Πλᾶτη]
446 1126 651 1165 Cornelius
679 1125 804 1164 edidit
829 1123 981 1179 πλᾶγη,
1014 1138 1090 1164 nec
1116 1126 1211 1165 satis
1230 1127 1329 1165 bene
1347 1123 1499 1180 πελάγη

44 1181 256 1232 legendum
288 1182 547 1231 coniectavit,
578 1196 703 1234 quum
720 1181 764 1220 id
778 1182 925 1221 senarii
941 1194 1145 1221 mensurae
1162 1189 1362 1235 repugnet.
1418 1184 1498 1223 Nos

45 1233 175 1288 πλάτη
199 1250 249 1276 ex
271 1237 414 1276 Codice
434 1238 689 1277 restituimus.
938 1260 979 1267 a«

159 1310 229 1350 82.
268 1301 472 1359 Ἱππστην]
515 1307 732 1348 Alexandri
758 1307 889 1358 Magni
916 1308 1068 1346 factum
1102 1307 1154 1345 ad
1178 1313 1350 1346 mentem
1380 1321 1500 1347 revo-
1548 1308 1551 1316 ⁴

47 1377 112 1410 ca,
141 1362 236 1400 dum
265 1375 407 1414 equum
434 1364 688 1403 ferocientem
715 1364 908 1416 planeque
933 1363 1172 1402 indomitum
1197 1363 1502 1403 mansuetiorem

46 1418 322 1469 mitioremque
357 1418 430 1456 sibi
454 1419 634 1459 reduxit:
664 1435 715 1459 ex
741 1433 820 1471 quo
850 1419 999 1471 ingenii
1028 1418 1225 1470 animique
1253 1420 1316 1458 sui
1338 1419 1500 1471 experi-

48 1481 183 1514 mento
205 1480 357 1513 tantam
375 1482 609 1515 consecutus
630 1483 689 1515 est
705 1476 883 1525 laudem,
911 1481 958 1514 ut
980 1474 1190 1526 Philippus
1212 1488 1311 1526 equo
1335 1475 1500 1514 descen-

49 1531 225 1577 dentem,
254 1531 503 1570 manantibus
536 1533 679 1582 gaudio
708 1531 907 1582 lacrimis,
938 1531 1168 1595 complexus
1200 1531 1501 1570 exclamaverit:

49 1588 187 1625 maius·
219 1600 433 1637 lmpel‘llbm
461 1587 542 1625 διόι
572 1590 892 1640 ClrcumSPicelQe
921 1601 991 1624 nec
1020 1601 1124 1625 enlm
1149 1586 1409 1624 Anacedonlae
1437 1602 1502 1624 Te·-

46 1656 176 1695 gnum
204 1649 360 1679 tantam
388 1638 562 1680 indolem
592 1660 742 1697 capere.
801 1643 968 1682 Consule
990 1641 1304 1682 Freinshemium
1331 1643 1375 1681 in
1395 1643 1503 1695 Sup-

48 1699 170 1752 plem.
197 1697 242 1735 in
262 1698 312 1746 Ω.
331 1699 440 1738 curt.
462 1699 530 1738 lib
550 1701 580 1740 I.
604 1715 687 1753 cap.
707 1714 766 1739 Π.

163 1771 231 1812 83.
259 1764 392 1820 Zmint]
424 1765 548 1820 Ζήσει
565 1768 689 1806 edidit
710 1769 926 1819 Comelius‚
956 1767 1025 1808 sed
1039 1781 1176 1808 veram
1193 1767 1403 1807 lectionem
1424 1769 1500 1808 Co-

51 1824 151 1864 dicis
178 1823 228 1862 ad
251 1837 360 1862 oram
378 1825 540 1876 paginae
567 1824 741 1863 subiecit.

154 1894 223 1937 85.
256 1890 432 1948 Κρήτης]
464 1895 665 1933 cornelius
686 1895 826 1933 maluit
842 1896 1035 1949 Κρητῶν,
1066 1893 1135 1933 sed
1155 1893 1372 1934 immerito:
1398 1893 1503 1934 nihil

53 1950 160 1990 enim
183 1949 250 1988 hic
273 1950 571 1989 immutandum.

164 2023 231 2063 88.
268 2019 394 2060 Τέκνα
425 2017 566 2073 μικρά]
597 2021 723 2069 Haec,
754 2033 852 2072 quae
880 2019 998 2058 modo
1028 2018 1268 2057 Theodosius
1303 2019 1503 2068 describit,

53 2075 281 2127 singillatim
303 2084 549 2115 recensuerat
567 2077 743 2115 Incertus
764 2075 1024 2115 continuator
1041 2075 1309 2126 Theophanis:
1341 2076 1409 2113 sed
1426 2089 1506 2113 ma-

51 2133 95 2171 lo
114 2131 283 2183 quodam
304 2133 384 2170 fato
405 2132 485 2170 eius
504 2132 692 2171 historiae
712 2133 1051 2184 complementum,
1079 2131 1149 2168 ubi
1169 2144 1212 2168 ea
1227 2130 1503 2180 narrabantur,

54 2188 227 2240 perierat
261 2188 303 2225 in
333 2188 498 2239 Codice,
537 2189 587 2227 ad
623 2189 732 2227 cuius
766 2187 886 2227 fidem
916 2186 1132 2226 editionem
1157 2199 1270 2225 suam
1295 2185 1506 2225 adornavit

57 2243 325 2284 combefisius.

170 2315 237 2354 96.
269 2311 513 2366 Προφήτης]
544 2312 803 2351 Moamethem
834 2311 1030 2364 intellige,
1068 2311 1179 2350 cuius
1206 2310 1428 2363 patrocinio
1456 2322 1505 2346 ac

57 2368 233 2420 potentia
264 2367 413 2407 Turcae
447 2369 652 2408 confidunt
674 2369 905 2420 plurimum.

170 2442 236 2480 97.
263 2437 331 2485 Ὡς
350 2436 445 2487 θεὸς
460 2439 672 2492 τιμωμένη]
703 2440 736 2477 Τ
740 2452 851 2476 urcas
872 2436 1015 2488 gladio,
1042 2437 1167 2477 veluti
1191 2436 1286 2484 Deo,
1314 2431 1507 2470 honorem

58 2493 243 2532 adhibere
265 2493 507 2533 Theodosius
527 2497 657 2534 forsan
680 2495 789 2543 dicit,
813 2494 918 2545 quod
935 2493 970 2531 ei
987 2493 1232 2545 potissimum
1253 2488 1506 2536 confiderent,

59 2562 184 2600 quum
214 2549 412 2587 Wloameth
439 2552 569 2600 gladio
601 2551 650 2588 ad
676 2524 905 2600 religionem
930 2563 1041 2589 suam
1066 2547 1252 2587 tuendam
1281 2557 1326 2582 ac
1356 2555 1507 2594 propa-

60 2605 226 2655 gandam
246 2605 413 2644 fidenter
441 2606 500 2644 uti
525 2620 589 2645 eos
608 2607 816 2645 docuisset.

174 2678 264 2717 101.
296 2671 431 2726 Τᾶσις]
464 2675 681 2714 orientales
710 2677 890 2714 nationes
911 2673 1083 2716 vestibus
1103 2671 1153 2710 ad
1169 2669 1271 2708 talos
1294 2679 1418 2719 usque
1433 2666 1507 2704 de-

60 2730 189 2769 missis
219 2731 278 2768 uti
300 2732 436 2769 solitas
457 2731 551 2770 satis
569 2745 701 2771 omnes
722 2737 883 2772 norunt.

154 2797 224 2832 Leo
246 2798 375 2832 Diacon
380 2809 428 2832 us.
1180 2783 1236 2823 36
