1754 2996
266 78 366 128 462
711 87 759 132 c.
787 90 836 134 B.
866 88 1019 133 HAsn
1043 89 1243 153 ΝοΤᾼΕ

263 192 404 246 primis
420 192 464 232 in
479 192 585 232 foliis
603 189 915 247 Σφενδοσλοὶβος
925 193 1083 245 legitur,
1111 194 1255 246 absque
1275 197 1320 246 θ,
1346 195 1392 234 id
1411 208 1617 249 operarum
1637 196 1721 239 vif

263 250 320 287 tio
360 250 507 288 factum
539 256 608 288 est.
663 250 766 288 Alibi
793 250 836 287 in
871 250 966 288 eod.
1000 250 1104 288 idem
1132 263 1275 289 nomen
1299 251 1408 291 varie
1442 258 1698 304 eor-mptum·
1752 254 1754 256 ’

263 301 603 357 Σφενδόσθλαβος
620 306 685 348 65.
702 307 747 343 Β.
762 308 827 348 93.
847 306 891 346 Β.
913 306 958 344 D.
978 304 1319 358 Σφενδόσθλαβον
1329 309 1394 350 82.
1412 307 1462 348 D.
1479 311 1546 351 89
1566 309 1608 347 C.
1626 312 1696 352 92·

261 362 307 399 Β
327 360 660 413 Σφεντοσθλάβος
678 365 744 404 96
765 362 809 399 Β.
832 359 1217 428 Φενδοσθλᾶβοςὸὄ
1236 363 1279 404 C.
1298 360 1592 416 Σφενσθλαβον
1608 363 1696 415 [sic]

262 417 328 459 85.
340 417 386 456 A.
401 417 505 468 [Pag.
521 419 614 459 138.
629 418 699 456 lin.
706 416 857 459 Shuius
868 415 1111 470 εὰ.]Θλοὶβον
1126 418 1215 470 [sic]
1229 421 1293 461 97.
1306 412 1347 457 C.
1358 419 1561 458 Rationem
1573 433 1698 458 meam

260 473 460 511 scribendi
481 480 520 511 et
536 473 776 524 pelacuendi
789 471 1130 526 Σφενδοσθλάβος
1142 480 1301 513 tuentur
1319 475 1507 526 Scylitzes
1525 475 1699 514 Historia

261 541 333 567 ms.
354 529 516 581 passim,
547 528 709 570 Cedien.
729 529 776 567 II.
796 532 889 572 660.
916 530 958 568 C.
989 533 1084 572 666.
1108 532 1151 568 D.
1172 531 1331 573 672·st
1348 531 1444 573 674-
1468 531 1514 570 B·
1532 531 1624 574 675.
1649 532 1696 570 D.

260 588 354 627 676
377 586 419 624 D.
441 589 535 627 677
553 585 598 622 A·
629 588 723 627 679.
742 585 787 623 Β.
809 586 850 622 Ι).
877 588 970 628 680
991 586 1037 624 D.
1056 589 1148 629 682
1168 586 1214 623 A.
1234 586 1278 623 Β.
1295 588 1386 629 683.
1401 587 1447 626 A.
1469 587 1697 636 Constanti.

259 653 333 678 nus
356 640 647 692 Porphyrogen.
671 641 886 681 Caerimon.
914 641 1079 692 Byzant.
1099 642 1150 680 11.
1172 641 1266 684 345.
1289 642 1333 683 Β.
1357 648 1395 679 et
1413 642 1478 680 alii
1506 642 1697 694 plerique.

369 699 493 748 Pag·
506 697 596 739 104.
626 697 698 736 lin.
729 697 794 738 15.
825 696 868 736 ἐκ
885 700 957 736 τοῦ
984 713 1057 737 κατ
1063 693 1250 738 ’ἐκείνου
1267 697 1428 751 καιροῦ]
1460 698 1604 736 Confer
1624 711 1697 736 su-

259 765 332 803 pra
351 755 415 795 11.
438 753 483 793 A.
518 753 697 790 Fortasse
721 748 808 791 κατ’
828 752 954 793 ἐκεῖνο
972 754 1037 792 vel
1055 769 1127 793 κατ
1134 750 1334 802 ’ἐκεῖνον,
1364 759 1408 792 ut
1426 750 1470 795 τὸ
1494 749 1578 804 κατ’
1600 752 1697 794 ἐκεῖ-

259 823 308 848 νο
338 811 481 861 καιροῦ
498 807 664 860 Niceph.
693 807 839 846 Phocas
866 809 973 847 Tact.
999 809 1090 852 156.
1110 810 1155 851 B.
1191 805 1283 848 κατ’
1308 809 1436 850 ἐκεῖνο
1457 813 1530 856 τοῦ
1553 811 1698 862 καιροῦ

259 864 442 914 Agathias
466 864 531 906 15.
554 865 599 933 D.
625 863 691 905 64.
717 864 763 902 D.
787 866 878 906 136.
898 865 941 903 B.
970 867 1062 907 139.
1083 865 1124 903 C.
1155 865 1246 907 154.
1266 864 1310 905 Β.
1340 865 1417 903 Sed
1442 878 1559 907 voces
1581 879 1695 917 prae-

260 920 450 971 positioni
478 935 577 960 κατα
605 920 796 958 subiectae
816 934 929 972 saepe
947 920 1182 972 depravatae
1200 926 1306 959 sunt.
1360 921 1489 990 Apud
1499 923 1539 959 S.
1561 920 1695 960 Atha-
1745 924 1749 927 ’

111 981 151 1014 Ρ.
173 981 242 1017 230
260 976 414 1013 nasium
441 976 548 1014 Orat.
575 981 713 1013 contra
743 982 845 1026 gent.
868 977 898 1014 Ι.
930 981 971 1019 2.
1000 977 1042 1015 C.
1067 976 1108 1025 ἐξ
1130 973 1252 1043 ἀρχῆς
1269 972 1346 1023 ov’x
1361 971 1416 1044 ἦν
1433 978 1569 1018 κακία·
1595 973 1695 1042 οῦδὲ

257 1029 331 1098 γάρ
352 1027 446 1072 ου’δὲ
463 1034 539 1072 νῦν
560 1031 603 1072 ἐν
621 1035 702 1078 τοῖς
724 1030 851 1084 ἁγίοις
870 1031 994 1081 ἐστὶν,
1024 1029 1116 1073 οὐδ’
1133 1029 1231 1080 ολως
1247 1028 1340 1078 κατ’
1359 1048 1506 1081 amove
1526 1030 1694 1103 ὑπάρχει

261 1084 374 1139 αὕτη,
398 1089 435 1126 S.
454 1088 605 1125 Patrem
617 1101 698 1124 non
709 1087 844 1125 dubito
861 1088 1078 1151 scripsisse,
1098 1084 1188 1129 οὐδ’
1204 1086 1307 1136 ολως
1320 1084 1422 1129 καθ’
1437 1086 1635 1141 ἑαυτηνῦ.
1653 1104 1693 1129 α.

255 1144 550 1194 versionemque
567 1143 860 1181 Montefalconii
892 1144 948 1181 sic
970 1144 1256 1209 refingendam:
1283 1158 1380 1182 nam
1402 1159 1452 1182 ne
1468 1158 1576 1182 nune
1595 1146 1694 1196 qub-

257 1198 345 1236 dem
375 1202 418 1236 in
438 1201 598 1237 Sanctis
615 1206 688 1249 est,
719 1214 842 1251 neque
852 1214 928 1251 per
945 1214 986 1236 se
1002 1202 1160 1238 omnino
1181 1202 1325 1238 existit.
1383 1199 1493 1248 Quae
1514 1200 1693 1240 emenda.-

255 1255 312 1292 tio
330 1255 509 1293 firmatur
527 1269 577 1294 ex
597 1255 677 1292 illis
696 1268 795 1306 quae
817 1253 1002 1307 deinceps
1023 1257 1078 1294 ait
1096 1257 1135 1299 5.
1156 1257 1199 1294 F.
1226 1251 1430 1307 Ἑλλήνων
1448 1253 1521 1307 μὲν
1542 1251 1618 1297 οὖν
1637 1271 1693 1296 'n-
1720 1281 1724 1283 -

252 1325 318 1358 νες
344 1311 614 1362 πλανηθέντες
643 1314 714 1363 τῆς
741 1310 841 1351 οδοῦ
860 1308 964 1351 καθ’
995 1309 1139 1362 ἑαυτήν
1161 1309 1264 1352 εἶναι
1277 1325 1353 1363 την
1372 1312 1514 1352 κακίαν
1534 1307 1693 1365 απεφή-

247 1382 382 1407 ναντο.
438 1367 586 1405 Eodem
614 1367 731 1404 modo
764 1367 872 1406 Actis
895 1368 1014 1405 Cone.
1038 1368 1211 1419 Cplitani
1228 1367 1390 1406 secundi
1385 1365 1502 1435 ²(hoc
1515 1373 1596 1417 est,
1625 1381 1692 1418 ge-

248 1423 392 1461 neralis
424 1421 578 1489 quinti)
616 1422 683 1460 ΙΙΙ.
707 1423 798 1465 195.
815 1423 858 1462 Ε.
887 1419 1188 1475 ἀναφερομένης
1215 1421 1280 1473 δὲ,
1306 1418 1396 1463 κατ’
1417 1423 1592 1473 ἐκείνου,
1618 1425 1692 1475 τῆς

248 1482 322 1518 τοῦ
341 1475 558 1532 ανθρώπου
574 1475 794 1531 γεννήσεως
812 1477 877 1521 ἐπὶ
895 1476 963 1518 τον
983 1476 1102 1519 Θεόν·
1131 1479 1215 1529 lege
1231 1493 1305 1519 κατ
1309 1474 1521 1528 ’ἔκείνους,
1549 1492 1691 1531 nempe

248 1535 511 1573 Nestorianos.
531 1535 605 1573 Et
593 1548 636 1572 m
657 1534 850 1571 Gennadii
871 1534 1083 1574 patriarch.
1094 1534 1240 1572 Homil.
1251 1535 1299 1573 de
1316 1535 1587 1573 sacramentali
1603 1548 1691 1573 eor-

248 1604 346 1642 pore
369 1590 514 1630 Christi
534 1594 572 1633 6.
592 1591 636 1630 A.
652 1588 861 1655 προκοπήν
878 1593 951 1642 τῆς
969 1606 1068 1630 κατα
1088 1593 1263 1643 Χριστοῦ
1283 1593 1405 1642 ζωῆς,
1432 1591 1530 1629 item
1553 1604 1689 1629 emen-

250 1647 424 1684 dandum
454 1661 553 1687 κατα
582 1642 762 1699 Χριστόν.
819 1646 901 1684 Iam
929 1646 963 1684 si
990 1646 1198 1684 scribimus
1225 1647 1333 1699 apud
1361 1642 1530 1684 Leonem
1555 1646 1690 1687 ἕκτοῦ

249 1698 338 1741 κατ’
364 1702 515 1743 ἐκεῖνον
534 1705 677 1755 καιροῦ
698 1701 830 1754 (quod
850 1702 954 1740 forte
975 1700 1262 1754 oportuisset),
1288 1702 1333 1740 id
1349 1702 1581 1742 vertendum
1604 1715 1687 1740 esse

250 1758 301 1795 ab
317 1759 432 1795 illius
449 1759 690 1810 temporibus
700 1764 818 1809 patet,
839 1758 890 1795 ob
905 1764 1036 1796 notam
1047 1764 1280 1810 potestatem
1290 1771 1423 1822 praep.
1439 1773 1552 1807 κατα,
1563 1770 1687 1809 quan-

251 1814 302 1850 do
321 1828 370 1865 pl
372 1816 547 1853 onomini
566 1814 765 1866 personali
780 1814 916 1851 iuncta
934 1814 1015 1852 vim
1034 1814 1245 1865 possessivi
1259 1814 1433 1852 assumit.
1473 1813 1583 1862 Quae
1597 1814 1686 1852 foi-

213 1874 244 1907 B
257 1882 318 1905 ma
337 1871 442 1921 apud
456 1877 588 1922 poster
590 1885 649 1908 101
651 1884 690 1908 es
703 1883 852 1920 quoque
872 1870 1027 1921 scriptt.
1044 1871 1140 1908 adeo
1154 1870 1336 1921 frequens
1354 1876 1424 1919 est,
1442 1869 1687 1938 utexemplis

250 1924 333 1962 sere
364 1939 444 1962 non
473 1932 592 1976 egeat.
627 1928 664 1966 S.
695 1926 890 1977 Epiphan.
915 1926 1080 1966 Advers.
1099 1925 1245 1964 haeres.
1263 1926 1292 1964 Ι.
1311 1926 1404 1968 572.
1426 1925 1470 1962 B.
1490 1922 1564 1976 τήν
1581 1920 1687 1964 καθ’

246 1978 354 2030 ἡμᾶς
372 1979 547 2049 ἤπειρον,
566 1985 824 2019 continentem
837 1989 1026 2021 nostram.
1054 1983 1092 2021 S.
1115 1981 1232 2021 Basil.
1255 1981 1387 2020 Inxr..
1404 1985 1518 2018 mart.
1536 1981 1567 2018 l.
1588 1981 1682 2022 533.

248 2035 290 2073 C.
305 2033 379 2087 τὴν
402 2033 504 2075 καθ’
522 2036 628 2088 ’ἡμᾶς
643 2034 788 2090 χώραν,
817 2039 1015 2088 regionem
1031 2044 1221 2076 nostram.
1258 2038 1297 2074 S.
1310 2035 1516 2087 Chrysost.
1536 2035 1683 2073 Homil.

245 2104 330 2129 xxx.
360 2090 403 2128 in
420 2091 558 2130 Matth.
581 2093 611 2130 Ι.
641 2096 734 2136 263.
752 2095 800 2132 A.
819 2091 867 2132 τοὶ
886 2089 984 2132 καθ’
1000 2091 1105 2143 ἡμᾶς
1121 2089 1297 2139 ἅπαντα,
1327 2094 1539 2129 universus
1554 2098 1683 2130 noster

245 2145 433 2186 mundus.
472 2149 510 2185 S.
529 2148 748 2186 Antiochus
766 2149 822 2186 De
839 2148 1052 2186 inimicitiis
1072 2153 1111 2184 et
1128 2147 1252 2185 invid.
1270 2147 1321 2184 11.
1344 2149 1463 2189 1113.
1479 2147 1522 2186 Β.
1541 2162 1569 2198 η
1590 2141 1682 2186 κατ’

246 2217 369 2243 αυτον
388 2202 550 2255 ἱστορία,
582 2205 668 2239 eius
683 2204 865 2243 historia.
913 2202 1173 2254 Quanquam
1161 2216 1201 2240 1n
1220 2201 1298 2240 hoc
1317 2216 1471 2253 quoque
1488 2202 1679 2241 vertendo

243 2257 389 2308 passim
406 2258 483 2295 viri
503 2258 610 2296 docti
628 2259 743 2296 multi
761 2260 862 2311 lapsi
876 2266 977 2298 sunt.
1033 2260 1132 2297 Acta
1151 2257 1301 2296 Concil.
1323 2257 1502 2297 chalced.
1520 2258 1567 2296 Π.
1585 2258 1680 2301 501.

244 2313 290 2353 D.
321 2310 508 2362 ἐξεταζειν
534 2311 583 2353 τὰ
611 2311 699 2353 κατ’
722 2315 802 2366 ἐμὲ.
858 2316 976 2354 Vetus
1004 2315 1218 2365 interpres,
1257 2327 1360 2365 quae
1385 2313 1597 2352 adversum
1619 2326 1680 2350 me

245 2377 341 2407 sunt
362 2377 489 2421 gesta.
544 2370 696 2408 Scribe.
726 2384 829 2420 quae
857 2370 916 2408 ad
937 2385 998 2408 me
1026 2377 1213 2421 spectant.
1272 2370 1369 2408 Acta
1387 2371 1504 2408 Cone.
1527 2381 1677 2409 oecum-

244 2426 346 2463 sexti
371 2426 445 2477 ΙΙΙ..
468 2426 587 2468 1057.
615 2426 660 2463 Ε.
685 2429 761 2465 τοῦ
792 2427 979 2466 δουλικοῦ
1011 2425 1124 2478 υμῶν
1153 2421 1257 2465 καθ’
1283 2425 1390 2477 ἡμᾶς
1417 2421 1679 2466 anomalam&

243 2478 408 2533 θρόνου.
465 2481 588 2520 Vetus
616 2481 769 2520 versio:
801 2483 938 2519 servili
967 2489 1121 2531 vestra,
1150 2496 1251 2532 quae
1276 2479 1494 2525 secundum
1518 2493 1591 2517 nos
1605 2486 1676 2529 est,

245 2538 469 2587 apostoliea
495 2535 593 2575 sede.
649 2537 753 2585 Imo,
783 2545 921 2574 nostra
947 2537 1057 2574 sedes
1075 2538 1320 2588 apostolica,
1350 2550 1452 2588 quae
1469 2549 1584 2572 serva
1608 2548 1677 2574 νε-

243 2599 332 2630 stra
350 2600 416 2631 est.
445 2593 577 2644 Aeque
597 2592 716 2631 eiusd.
737 2593 853 2631 Cone.
875 2592 1028 2631 actione
1046 2599 1183 2644 quarta
1197 2593 1266 2631 111.
1285 2596 1403 2635 1076.
1425 2591 1467 2629 C
1485 2593 1677 2638 ταπεινῶς

245 2648 301 2695 εἰς
319 2646 367 2688 τοὶ
382 2645 482 2688 καθ’
500 2648 608 2701 ημοῖς
626 2646 839 2698 κατελθων,
868 2655 1037 2687 erratum
1057 2655 1115 2686 est
1132 2649 1176 2686 in
1193 2649 1371 2686 versione
1387 2646 1541 2691 Latina:
1570 2653 1610 2685 et
1630 2646 1675 2683 in

244 2703 372 2743 Divali
406 2718 506 2744 sacr.
536 2704 784 2744 Constantini
802 2680 985 2758 liuperat.
1004 2704 1140 2744 eodem
1156 2703 1355 2746 volumine
1376 2702 1498 2746 1044.
1517 2703 1562 2741 Ε.
1578 2699 1675 2750 τούς
