1768 3034
319 180 345 226 1
354 179 378 226 1
386 180 414 228 8
797 183 997 228 LEONIS
1023 181 1259 226 DIACONI

109 297 140 327 Α.
161 294 203 326 Μ.
221 291 310 331 6479
321 288 467 351 Βάρδα
495 292 560 333 καὶ
588 293 832 347 συγκηδεστῇ
857 287 1052 345 (ἀδελφὴν
1075 288 1151 345 γὰρ
1180 291 1252 330 τοῦ
1282 288 1407 330 Φωκᾶ
1432 290 1737 336 Κωνσταντΐνος

149 340 214 373 ind·
234 337 278 376 14
320 360 562 415 Πατρίκιος,
618 357 639 402 ὃ
677 362 749 400 τοῦ
788 359 971 411 Σκληροῦ
1009 352 1222 408 σύναιμος,
1277 353 1444 410 σύζυγον
1481 354 1583 415 εἶχε)
1622 358 1742 411 δηλοῖ·

315 430 467 469 ταῦτα·

416 490 466 535 δ’.
513 490 798 546 ,,Ἐπισφαλῶς
813 485 1037 543 ἐβουλεύσω
1058 489 1123 530 καὶ
1143 488 1232 530 λιάν
1261 485 1533 541 ἐπικινδύνως,
1560 486 1738 542 ’ἀναίδην

319 559 422 602 κατὰ
438 563 518 601 τῶν
536 555 788 613 κρατούντων
808 554 1188 609 ἀπαυθαδισάμενος
1196 588 1209 608 ,
1247 557 1312 597 καὶ
1331 555 1404 610 τὴν
1423 555 1606 612 ὀλέθριον
1621 559 1768 610 μελε-5

320 624 446 680 τήσας
464 626 699 680 τυραννίδα,
737 625 802 666 καὶ
826 622 928 666 ὅπλα
949 623 1052 665 κατὰ
1073 627 1153 665 τῶν
1173 621 1390 679 ὁμοφύλων
1419 621 1638 679 ἀράμενος,
1675 624 1742 663 καὶ

322 690 570 746 καταμιάναις
600 691 715 747 ἱερῶν
744 691 860 733 οἴκων
891 691 959 745 ἕδη
996 697 1084 739 ταῖς
1112 694 1192 731 τῶν
1223 687 1471 732 ἀπαιδεύτων
1499 693 1741 743 συνωμοτῶν

321 765 553 814 προνομαῖς.
599 761 652 807 εἷς
672 758 781 800 κενὸν
796 756 1033 812 ἦπατήθης,
1070 758 1284 813 Πατρίκιε,
1321 758 1461 798 λέοντα
1479 755 1637 799 νύσσων
1657 773 1741 798 κοι-

321 824 525 879 μώμενον,
563 824 633 867 τὸν
660 824 856 879 ἀήττητον
887 822 1177 880 αὐτοκράτορα.
1232 821 1346 872 οἶδας
1373 824 1473 879 γὰρ,
1511 821 1565 872 ὥς
1592 824 1632 865 ἓν
1655 829 1742 872 ταῖς

284 890 470 946 Βμάχαις
488 893 685 947 ἐπιφανεὶς
713 886 852 944 οἶτος,
888 889 1190 947 πολυάνθρωπα
1219 889 1469 946 στρατόπεδα
1498 891 1541 932 ἔκ
1568 894 1640 944 τῆς
1659 888 1768 946 (φή-1

320 975 400 1012 μης
418 961 483 1000 καὶ
501 957 626 1012 μόνης
644 959 854 1014 ἐτρέψατο.
899 962 984 1006 πῶς
1008 953 1101 1010 οὗν,
1139 958 1444 1013 διεφθαρμένων
1462 957 1619 1013 ἀνδρῶν
1638 973 1741 1010 συμ-

319 1027 501 1080 βουλίαις
521 1025 793 1077 ἀναπεισθεὶς,
831 1027 885 1074 εἷς
903 1028 1087 1066 τοιοῦτον
1115 1022 1282 1065 ὄλισθον
1306 1024 1524 1072 ἓνσέσεικας
1550 1021 1742 1077 ’σεαυτόνς

321 1091 441 1143 ἀλλ’,
479 1094 512 1133 εἷ
543 1094 670 1143 δοκεῖ,
716 1093 907 1145 πείσθητί
931 1108 1000 1144 μοι
1009 1123 1024 1142 ,
1063 1088 1117 1139 ὥς
1146 1092 1413 1147 συγκηδεστῇ,
1451 1092 1516 1132 καὶ
1543 1095 1739 1147 φιλοῦντι,

322 1158 457 1200 καὶτὰ
475 1157 607 1215 λῴονα
635 1157 965 1212 συλιιβουλεύοντι·
1001 1158 1067 1198 καὶ
1088 1156 1259 1200 ἀπώθου
1287 1157 1360 1211 τὴν
1389 1158 1577 1212 κακίστην
1595 1175 1743 1214 τυραν-

323 1227 436 1277 νίδα,
473 1227 628 1278 καὶτῆς
649 1227 848 1280 σωτηρίας
867 1223 1106 1278 ἀντιλαβοῦ,
1145 1222 1378 1279 συγγνώμην
1404 1228 1476 1265 τοῦ
1505 1222 1768 1280 σφάλματος1

324 1284 708 1348 αἰτησάμενοςβγώ
732 1292 775 1332 δὲ
801 1291 922 1339 αὐτὸς
947 1292 1166 1345 ἐγγυῶμαι,
1203 1291 1328 1344 μηδέν
1360 1306 1403 1332 σε
1430 1291 1638 1332 πείσεσθαι
1662 1295 1743 1333 τῶν

324 1358 481 1411 ἀηδῶν,
530 1356 620 1399 οὔτε
655 1358 756 1414 πρὸς
785 1361 857 1399 τοῦ
895 1361 1159 1412 κρατοῦντος,
1206 1356 1296 1399 οὕτε
1333 1357 1433 1413 πρὸς
1467 1356 1588 1399 ἄλλου
1619 1358 1739 1409 τινὸς,

325 1424 427 1468 ἀλλὰ
455 1426 520 1466 καὶ
548 1428 604 1480 τῷ
634 1423 884 1479 συνεπομένῳ
914 1438 977 1464 σοι
1007 1425 1135 1477 στίφει
1164 1422 1380 1477 ἀμνηστειά
1411 1429 1482 1478 τῆς
1511 1426 1744 1480 προπετείας

194 1492 235 1526 Ρ.
258 1493 302 1528 73
325 1489 564 1547 δοθήσεται)
582 1503 591 1512 ·
636 1492 701 1531 καὶ
725 1490 781 1544 μὴ
809 1492 1020 1544 βουληθῇς
1048 1489 1119 1530 τὸν
1145 1490 1281 1543 θυμὸν
1311 1491 1511 1539 ἐξοπλίσαι
1539 1491 1642 1532 κατὰ
1668 1495 1742 1532 σοῦ’

323 1557 393 1599 τὸν
420 1556 646 1611 βασιλικὸν,
684 1553 728 1605 ὃς
758 1554 1028 1612 ἀπαραίτητός
1056 1556 1138 1597 ἐστι
1165 1564 1248 1605 τοῖς
1275 1557 1529 1612 εὐγνωμονεῖν
1558 1557 1630 1599 οὐκ
1650 1557 1768 1599 {Hes-2

325 1629 451 1666 λουσι.
504 1628 585 1665 τῶν
616 1627 784 1665 σεαυτοῦ
814 1621 954 1664 λοιπὸν
982 1620 1186 1676 γενόμενος
1221 1627 1420 1678 λογισμῶν
1450 1624 1506 1678 μὴ
1537 1628 1641 1680 προῇ
1672 1624 1745 1678 τὴν

325 1689 496 1744 ἐσχάτην
516 1689 713 1746 ἄγκυραν,
751 1689 835 1735 ἀλλ’
846 1721 859 1741 ,
899 1689 971 1736 ἕως
990 1689 1035 1730 τὸ
1056 1687 1344 1745 φιλάνθρωπον
1362 1689 1576 1746 πρόκειται,
1613 1690 1746 1732 ἄσπα-

325 1773 393 1798 σαι
412 1761 555 1808 τοῦτο,
594 1755 688 1812 ὅπερ
709 1758 889 1804 εἰσαῦθις
907 1756 1094 1809 ἐπιζητῶν
1115 1755 1188 1809 οὐχ
1208 1755 1404 1812 εὑρήσεις,
1441 1758 1506 1798 καὶ
1525 1757 1652 1798 πολλὰ
1671 1774 1745 1798 κα-

324 1822 605 1879 ταθρηνήσεις,
639 1823 788 1865 σαυτὸν
817 1827 889 1877 τῆς
914 1822 1105 1875 ἀβουλίας
1133 1822 1426 1879 μεμφόμενος.”
1465 1821 1514 1865 Ὁ
1533 1824 1576 1864 δὲ
1597 1826 1746 1872 Φωκᾶς

415 1930 470 1964 21.
501 1927 605 1973 πρόει
622 1928 695 1962 cod.
738 1928 830 1962 Fort.
852 1926 972 1972 πρόες.

326 2017 457 2051 Bardae
482 2017 591 2059 Duci,
617 2017 709 2050 affini
732 2029 790 2051 suo
816 2018 958 2062 (quippe
984 2028 1128 2051 sororem
1150 2016 1283 2050 Phocae
1299 2016 1538 2050 Constantinus
1560 2016 1745 2062 Patricius,

326 2062 434 2095 Scleri
458 2063 563 2094 frater
575 2086 584 2102 ,
608 2062 642 2093 in
661 2062 898 2096 matrimonium
914 2063 1092 2105 duxerat),
1115 2062 1199 2094 haec
1216 2060 1399 2104 significat:

416 2104 448 2140 4.
473 2106 676 2145 „Consilium
692 2107 796 2139 iniisti
815 2108 1026 2141 temerarium
1041 2111 1076 2139 et
1092 2105 1269 2148 insigniter
1283 2104 1510 2148 periculosum,
1527 2106 1668 2149 quando,
1683 2107 1746 2140 im-

327 2150 491 2196 pudenter
507 2151 542 2183 in
554 2151 699 2183 dominos
714 2156 899 2192 contumax,
914 2152 1134 2184 calamitosam
1152 2149 1360 2183 rebellionem
1371 2149 1559 2190 meditatus,
1571 2151 1669 2183 motis
1684 2150 1746 2184 ad-

328 2206 459 2229 versum
483 2195 571 2228 cives
594 2195 692 2228 armis
710 2207 876 2229 sacrarum
893 2196 1023 2229 aedium
1040 2195 1176 2227 delubra
1195 2193 1380 2226 immanium
1401 2193 1642 2228 coniuratorum
1656 2195 1746 2228 dire-

328 2239 497 2284 ptionibus
508 2239 745 2273 contaminasti.
768 2241 869 2274 Falsa
883 2252 943 2285 spe
957 2240 1122 2279 inductus,
1131 2238 1270 2278 Patrici,
1285 2238 1410 2271 leonem
1420 2238 1643 2280 dormientem,
1658 2239 1747 2272 invi-

332 2287 420 2317 ctum
442 2284 636 2328 principem,
654 2284 807 2318 irritasti.
847 2286 926 2318 Non
937 2297 972 2318 es
988 2284 1130 2323 nescius,
1148 2282 1239 2316 illum
1254 2283 1289 2315 in
1306 2282 1439 2326 praeliis
1449 2288 1661 2327 apparentem
1677 2295 1747 2317 am·-

331 2329 494 2373 plissimos
505 2328 668 2361 exercitus
682 2329 733 2361 vel
751 2330 821 2362 sola
834 2330 921 2362 fama
930 2329 966 2362 in
981 2330 1093 2371 fugam
1102 2327 1315 2360 convertisse.
1341 2327 1407 2366 Qui
1421 2328 1526 2370 igitur
1537 2328 1587 2367 fit,
1603 2332 1650 2368 ut,
1667 2339 1746 2371 per-

333 2373 473 2407 ditorum
484 2372 647 2406 hominum
662 2373 807 2406 'consiliis
824 2375 1065 2417 obtemperans,
1082 2372 1117 2404 in
1131 2371 1288 2404 eiusmodi
1299 2372 1432 2415 laqueos
1450 2377 1486 2405 te
1503 2372 1576 2416 ipse
1583 2372 1747 2405 indueris!
1762 2387 1766 2391 -

333 2417 414 2458 Sed,
432 2418 462 2450 si
476 2417 618 2458 videtur,
637 2417 716 2450 mihi
736 2418 846 2458 crede,
856 2424 893 2451 ut
909 2418 1014 2457 affini,
1031 2421 1068 2449 ut
1087 2416 1204 2455 amico,
1222 2421 1259 2448 ut
1273 2427 1313 2448 ea
1330 2416 1494 2456 suadenti,
1506 2428 1590 2460 quae
1605 2416 1667 2448 tibi
1677 2427 1747 2449 ma-

333 2462 420 2496 xime
436 2462 634 2495 conducant:
654 2462 755 2494 reiice
767 2468 832 2495 ate
848 2463 930 2494 hanc
941 2461 1098 2495 nefariam
1114 2460 1335 2500 rebellionem,
1354 2472 1489 2504 capesse
1500 2461 1645 2500 salutem,
1662 2460 1748 2493 deli-
1760 2477 1768 2495 „2

334 2507 382 2540 cti
398 2506 495 2539 venia
507 2506 655 2550 expetita
662 2506 742 2549 (ego
758 2507 820 2539 hoc
837 2506 899 2539 tibi
909 2507 1067 2549 spondeo,
1084 2515 1149 2537 non
1159 2505 1261 2537 solum
1279 2505 1361 2537 nihil
1374 2504 1481 2538 tediri
1493 2515 1672 2548 passurum,
1687 2515 1747 2537 ne-
1764 2520 1766 2523 ·

335 2563 400 2595 que
417 2562 437 2584 a
453 2551 581 2584 domino
590 2554 713 2590 nostro,
733 2562 838 2594 neque
854 2551 895 2582 ab
907 2550 971 2583 alio
983 2560 1157 2593 quoquam,
1167 2560 1281 2581 verum
1292 2549 1390 2582 etiam
1405 2550 1524 2589 manui,
1540 2560 1626 2592 quae
1639 2553 1747 2582 tecum

337 2596 391 2636 sit,
414 2595 637 2639 impunitatem
651 2594 951 2628 inconsiderantiae
978 2595 1089 2627 datum
1105 2593 1178 2635 iri):
1197 2604 1303 2636 neque
1318 2593 1405 2626 velis
1419 2593 1453 2626 in
1466 2598 1501 2626 te
1517 2604 1643 2626 armare
1658 2592 1747 2626 indi-
1762 2618 1766 2621 ⁴

336 2641 522 2682 gnationem
536 2639 789 2683 imperatoriam,
802 2638 1036 2672 inexorabilem
1045 2649 1178 2681 prorsus
1193 2637 1270 2677 illis,
1287 2638 1345 2680 qui
1357 2649 1456 2670 sanae
1469 2637 1586 2670 mentis
1598 2648 1672 2670 esse
1688 2647 1754 2669 no·-v

337 2684 414 2716 lunt.
438 2685 523 2717 Redi
539 2684 647 2727 igitur
655 2685 699 2718 ad
709 2684 876 2727 ingenium
895 2688 996 2723 tuum,
1015 2682 1082 2716 noli
1091 2682 1257 2715 dimittere
1273 2682 1418 2714 ultimam
1436 2693 1598 2721 ancoram,
1616 2684 1661 2721 et,
1672 2681 1749 2713 dnm
1763 2691 1766 2694 ’

337 2728 373 2760 in
388 2733 516 2770 promtu
535 2734 587 2762 est
604 2727 841 2768 misericordia,
864 2728 1062 2770 amplectere
1078 2726 1176 2766 illam,
1201 2737 1295 2770 quam
1318 2727 1457 2769 posthac
1473 2725 1640 2769 requirens
1658 2723 1747 2757 haud
1757 2731 1768 2766 ζ,

338 2773 513 2813 obtfflebis,
527 2778 626 2818 teque
635 2773 741 2818 ipsum
749 2777 838 2814 tunc,
855 2771 988 2806 multum
1002 2774 1209 2816 conquestus,
1228 2770 1425 2805 temeritatis
1441 2768 1654 2805 accusabis.”
1679 2769 1758 2802 Cu«v
