1722 3016
483 144 669 188 INDEX
690 143 1037 189 EDITIONUM.
1378 136 1478 187 521

47 262 231 301 grance
252 255 301 288 et
311 249 455 300 latine,
488 249 623 288 studio
645 248 806 288 Ioannis
834 249 1047 290 manum.
1074 248 1257 302 Parisiis,
1295 263 1347 290 a
1365 257 1485 306 typo-

88 305 251 358 graphia
268 306 407 357 Regia,
439 307 559 349 1715.
586 306 673 345 Fol.

33 360 259 401 Emonom
282 362 610 414 Aethiopicomm
629 361 724 401 libri
740 361 890 413 decem,
918 375 1009 401 cum
1029 362 1136 402 notia
1153 362 1340 403 Iohannis
1355 365 1482 404 Bour-

90 417 239 459 delotii.
268 418 389 457 Paria.
420 421 542 461 1619.
571 421 612 461 8.

32 472 343 515 Humanum
369 473 548 512 Thebani
573 473 925 526 Apotelesmatica,
952 474 999 513 in
1018 474 1275 528 Aah-ologicia
1293 475 1484 516 Ioachimi

90 530 313 570 camerarii.
354 530 650 581 Nol-imbergae‚
680 531 800 573 1532.
829 530 869 572 4.

31 585 244 625 fluum-m
259 586 501 636 Tris-aegisti
515 586 919 636 Iatromatliematica,
955 586 999 625 in
1015 585 1276 640 Aatrologieis
1290 588 1484 628 lonchimi

91 642 315 681 Camerarii.
370 642 669 693 Norimbergae,
700 644 820 685 1532.
851 643 890 685 4-

33 697 219 738 linum
235 697 463 751 philosophi
485 698 700 737 Gentilium
720 697 1053 749 philosophorum
1081 698 1237 747 irrisio,
1264 700 1318 740 ad
1336 701 1486 740 calcem

90 756 131 794 S.
150 749 293 793 Iustini
312 754 510 806 martyris.
552 756 679 796 Lutet.
702 754 826 793 Ρπίε.
867 756 988 798 1615.
1016 756 1103 794 Fol.

35 810 261 850 nnomm
275 810 539 849 Historiarum
570 811 663 849 libri
691 816 807 859 octo,
835 818 998 850 curante
1017 811 1239 865 Theophilo
1272 777 1486 852 Guilielmo

90 866 270 906 Irmiscb.
311 867 488 919 Lipsiae,
519 870 639 909 1789.
668 869 707 909 8·

32 922 249 963 Eunonen
265 922 531 965 Historiarum
553 923 647 962 libri
664 935 829 973 novem,
858 936 909 962 ex
928 923 1099 962 editione
1115 924 1375 976 Wesselingii.
1393 923 1488 964 Am·

88 978 318 1028 atelodami,
348 981 470 1022 1763.
498 979 586 1018 Fol.

33 1033 205 1074 Humum
219 1035 495 1087 Belopoeitica,
524 1048 614 1073 cum
629 1035 810 1074 versione
831 1041 871 1074 et
888 1036 993 1074 notis
1010 1036 1200 1075 Bemardi
1224 1036 1352 1086 Baldi,
1380 1035 1485 1075 inter

88 1089 338 1130 mechanicos
356 1091 464 1143 typis
485 1091 613 1141 Regiis
638 1105 816 1130 excusos.
855 1093 1033 1141 Parisiis,
1064 1095 1186 1135 1693.
1214 1093 1299 1132 Fol.

32 1147 226 1186 Ili-‚arcun
245 1147 465 1199 presbyteri
493 1148 629 1185 Sermo
656 1148 706 1186 de
731 1149 989 1199 temperanQ
1009 1154 1048 1186 et
1065 1151 1237 1195 virtute,
1266 1149 1310 1186 in
1330 1149 1485 1188 Biblio-

87 1203 204 1242 theca
222 1204 383 1242 Patrum
401 1203 718 1254 graeco-latina,
745 1209 842 1241 tom.
862 1204 892 1241 1.
908 1204 1066 1242 Parisiis
1078 1233 1089 1252 ,
1123 1205 1243 1248 1624.
1272 1205 1356 1243 Fol.

32 1259 197 1298 Emeum
209 1259 408 1312 sophistae
426 1272 527 1310 quae
546 1260 711 1311 reperiri
729 1265 958 1310 potuerunt.
984 1260 1122 1299 Edidit
1136 1260 1311 1299 Gottlieb
1324 1263 1485 1301 Werns-

89 1315 253 1354 doefim.
311 1315 543 1365 Gottingae,
574 1319 696 1358 1790.
725 1319 764 1358 8.

0 1398 2 1401 v
32 1370 291 1411 Emona-os
309 1372 366 1410 De
388 1370 646 1422 antichristo,
676 1386 727 1410 ex
753 1371 929 1411 editione
947 1371 1176 1424 marquardi
1198 1372 1487 1413 Gudii.Pa1-i-

88 1428 176 1477 είίε,
207 1430 327 1470 1661.
356 1430 397 1469 8·

31 1482 326 1523 nomenatus
340 1482 670 1535 Hieroglyphica,
698 1497 791 1522 cum
811 1484 918 1522 notis
938 1483 1095 1522 Ioannis
1118 1484 1285 1524 Mei-ceri
1312 1490 1353 1523 et
1370 1485 1487 1525 Davi-

88 1541 151 1579 dis
169 1539 408 1579 Hoeschelii.
444 1541 642 1590 Augustae
658 1539 976 1589 vindelicorum,
1008 1540 1129 1583 1595.
1160 1540 1200 1582 4.

30 1595 280 1635 Hrrssusscnn
298 1595 516 1648 presbyteri
533 1595 768 1634 Adhortatio
786 1596 836 1634 ad
855 1595 1080 1644 monachos,
1108 1596 1153 1633 in
1171 1597 1391 1635 combefisii
1412 1597 1487 1635 Bi-

86 1651 307 1691 bliotheoee
322 1664 551 1703 graecorum
558 1653 721 1691 Patrum
733 1652 920 1691 Auctario
931 1652 1158 1691 novissimo.
1177 1653 1350 1703 Parisiis,
1363 1657 1484 1696 1672.

86 1709 172 1749 ῈοῙ.

31 1766 272 1805 limacum
297 1766 342 1804 in
361 1763 658 1803 Arithmeticam
676 1763 908 1802 Nicomachi
933 1764 1143 1814 Geraseni,
1170 1763 1386 1817 interprete
1409 1765 1486 1803 Sa-

88 1821 214 1860 muele
234 1821 438 1860 Tennulio.
475 1820 730 1869 Amhemiae‚
762 1822 882 1862 1668.
912 1820 952 1861 4.

33 1877 185 1916 lexim
202 1877 412 1929 Epistulae,
442 1889 534 1914 cum
548 1878 654 1914 notis
674 1876 795 1914 lsaaci
815 1875 954 1914 vossii.
982 1874 1273 1925 Amstelodami,
1299 1877 1421 1920 1646.
1444 1877 1486 1920 4.

32 1933 191 1973 Ioum
222 1947 245 1970 a
274 1934 314 1972 S.
329 1932 483 1971 Andrea
510 1933 687 1983 Liturgia
716 1934 757 1971 S.
787 1931 910 1970 Marci
941 1931 1220 1981 Alexandrini,
1255 1933 1300 1970 in
1325 1933 1486 1972 Euaebii

89 1989 299 2028 Renaudot
317 1988 560 2027 collectione
579 1988 827 2038 liturgiarum
846 1987 1120 2025 Orientalium.
1153 1984 1333 2039 Parisiis,
1363 1991 1484 2032 1715.

88 2045 131 2087 4.
166 2043 373 2082 Interdum
390 2052 522 2082 tamen
545 2043 611 2096 (ut
629 2048 724 2087 269.
746 2042 824 2095 D.)
842 2057 944 2080 usus
961 2057 1050 2080 eum
1070 2042 1163 2084 edit.
1182 2046 1333 2096 priore,
1361 2047 1486 2083 inati-

90 2107 183 2138 tuta
204 2100 256 2137 ab
273 2102 362 2151 ipso
384 2101 534 2139 Ioanne
553 2114 582 2137 a
599 2102 642 2139 S.
665 2098 851 2146 Andrea,
873 2099 1059 2149 Parisiis,
1087 2100 1208 2142 1583.
1236 2102 1276 2142 8.

32 2155 188 2194 lom
218 2155 382 2194 climaci
414 2156 567 2208 Opera,
614 2157 828 2208 interprete
861 2154 1059 2194 matthaeo
1086 2156 1255 2196 Radero.
1309 2157 1481 2208 Parisiis,

91 2213 210 2254 1633.
241 2212 273 2249 F
274 2212 325 2249 ol.

31 2268 202 2307 Ioum
232 2267 430 2305 Ieiunator
454 2268 512 2305 De
539 2268 804 2320 poenitentia,
831 2272 872 2305 et
893 2267 1058 2305 lemma
1089 2267 1305 2307 monachus
1327 2269 1384 2307 De
1412 2281 1480 2306 ea—

89 2324 203 2372 dem,
225 2323 321 2360 editi
340 2337 362 2360 a
377 2324 522 2361 loanne
542 2324 694 2362 Marino
715 2324 759 2362 in
782 2323 863 2362 fine
882 2323 976 2361 libri
994 2324 1051 2361 De
1067 2324 1321 2376 poenitentia.
1364 2324 1479 2363 Pari-

89 2379 176 2427 siis,
208 2379 327 2430 1651.
356 2379 443 2416 Fol.

32 2434 187 2473 Imma
210 2433 361 2472 Moschi
386 2435 546 2472 Pratum
571 2434 797 2486 spirituale,
833 2435 877 2472 in
902 2434 1148 2474 Bibliotheca
1175 2436 1338 2474 Patrum
1368 2447 1484 2485 grae-

91 2490 331 2535 ‹zo-latina,
359 2495 456 2528 tom.
475 2490 526 2528 Π.
547 2491 728 2539 Parisiis,
760 2491 879 2533 1624.
908 2491 992 2529 Fol.

34 2546 202 2584 Ionum
230 2545 474 2596 Philoponus
505 2546 563 2583 De
589 2548 785 2584 creatione
816 2547 979 2597 mundi,
1016 2547 1231 2599 interprete
1256 2544 1484 2584 Balthasare

92 2602 293 2640 Corderio.
336 2601 509 2639 Viennae
530 2602 732 2650 Austriae,
762 2605 884 2645 1630.
914 2604 954 2646 4.

34 2657 95 2695 Fl.
113 2657 270 2697 losum
293 2657 423 2709 Opera
440 2669 541 2708 quae
559 2664 706 2698 extant.
747 2659 933 2697 Coloniae
952 2657 1229 2707 Allobrogum:
1259 2655 1479 2695 excudebat

91 2713 230 2752 Petrus
253 2713 302 2751 de
322 2714 359 2750 la
377 2713 558 2761 Rouiere,
578 2716 699 2756 1611.
726 2714 814 2753 Fol.
846 2751 848 2753 ,

37 2769 77 2808 S.
96 2768 244 2807 Ismoiu
257 2768 478 2807 Pelusiotae
495 2768 759 2821 Epistularum
780 2769 888 2810 mille
907 2769 1164 2808 ducentarum
1181 2766 1273 2806 libri
1292 2772 1387 2819 tres,
1407 2773 1482 2807 ete.
