1760 3034
403 152 462 197 ΙΝ
490 151 807 197 ΤΗΕοῡοεΠ
834 151 1142 208 AcRoAses.
1402 147 1505 196 543

62 257 182 297 luisse
194 256 304 296 aliud
322 257 550 308 potimation
568 258 618 296 ad
638 258 907 296 celebrandam
925 236 1080 309 quoque
1100 257 1312 310 Nicephori
1332 258 1381 297 de
1401 258 1507 299 cha.—

62 313 212 365 lepensi
243 313 407 352 Sultano
435 314 666 361 victoriam,
695 313 800 364 quod
822 327 940 366 supra
958 313 1075 351 etiam
1092 327 1143 352 ex
1162 315 1243 353 eius
1270 315 1435 367 epistola
1454 316 1507 356 ad

63 369 330 422 Nicephorum
356 371 400 408 in
423 376 559 408 nostro
586 369 736 409 Monito
763 369 1112 422 comprobavimus.

347 555 421 598 IN
448 555 830 600 SECUNDAM
864 557 1222 601 ACROASIM.

174 647 286 687 Vers.
306 646 345 689 4.
378 647 457 695 Εἰς
480 649 629 699 καῦμα]
658 647 856 685 mensibus
879 649 960 686 fere
979 648 1197 687 octodecim
1218 649 1261 687 in
1281 649 1415 688 (tectae
1431 662 1504 688 ex-
1528 647 1604 682 0⁰1·
1629 649 1648 683 1

62 703 301 756 pugnatione
321 709 537 754 pugnatum
561 716 642 740 esse
667 703 803 740 scribit
819 704 999 742 Incertus
1020 706 1281 747 continuator
1297 704 1509 757 Theopha—

0 791 1 806 ÷
62 761 126 798 nis
154 760 196 798 in
227 760 338 797 Rom.
361 759 444 797 Iun.
477 772 584 796 num.
617 759 720 796 XVI.
751 773 837 810 pag.
865 762 960 802 300.
1000 774 1120 812 quare
1147 767 1185 799 et
1208 761 1388 801 ardentes
1414 761 1510 799 solis

0 810 1 816 ¹
63 822 194 854 aestus
214 829 256 853 ea
278 815 322 852 in
343 814 592 868 expeditione
615 815 783 853 Graecos
805 815 950 854 milites
974 817 1204 856 sustinuisse
1223 823 1329 855 recte
1348 817 1510 857 adnotat

63 871 318 911 Theodosius.

167 931 206 969 7.
234 924 368 974 Αὐτός
387 923 430 965 δὲ
449 923 597 978 καῦμα]
626 926 705 964 Has
725 926 826 978 Imp.
847 927 1011 966 Romani
1033 941 1168 977 curas,
1198 942 1244 966 ac
1266 927 1508 966 sollicitudi-

62 997 155 1032 nes,
195 983 331 1021 nullus
362 995 410 1019 ex
440 982 722 1033 superstitibus·
747 983 956 1021 Historicis
987 990 1188 1022 memorat.
1245 984 1509 1031 Quamobrem

63 1041 113 1079 ad
132 1039 214 1077 eius
238 1037 537 1076 assentationem
559 1038 744 1076 confictas
763 1053 784 1076 a
803 1038 1024 1078 Theodosio
1052 1041 1240 1090 arbitror,
1272 1046 1320 1078 ut
1336 1041 1384 1078 ab
1402 1040 1506 1078 auli-

63 1096 116 1133 cis
139 1096 384 1146 potissimum
403 1094 662 1145 scriptoribus
683 1094 767 1132 fieri
788 1095 950 1143 assolet3
984 1096 1125 1133 scimus
1147 1097 1262 1145 enim,
1284 1097 1501 1134 Romanum

60 1151 332 1202 voluptatibus
362 1150 495 1201 potius
527 1150 632 1188 domi
657 1151 862 1201 indulgere
888 1152 1159 1202 consuevisse,
1190 1153 1331 1203 quibus
1354 1153 1505 1190 fractus

59 1207 194 1259 paullo
214 1213 303 1258 post
324 1206 534 1244 contabuit.
936 1256 940 1257 ⁷

171 1267 236 1305 20.
279 1259 361 1314 Τὴν
392 1260 467 1312 σήν
493 1260 661 1311 θλίψιν]
702 1262 761 1299 Ita
789 1261 897 1300 hunc
924 1258 1083 1300 versum
1117 1262 1167 1300 ad
1195 1261 1316 1300 fidem
1347 1262 1504 1301 Codicis

58 1319 300 1357 restituimus
317 1347 328 1367 ‚
355 1318 422 1367 qui
440 1317 482 1355 in
501 1318 673 1355 editione
695 1318 868 1356 Cornelii
883 1318 984 1356 male
1003 1332 1044 1356 se
1060 1317 1224 1356 habebat
1242 1318 1291 1356 ob
1309 1317 1505 1357 defectum

59 1374 307 1426 pronominis
330 1370 420 1423 σήν.

172 1433 239 1473 23.
265 1426 524 1480 Ἐζωσμένου]
555 1429 629 1466 Pro
647 1429 767 1467 verbo
787 1428 865 1467 hoc
884 1429 1089 1467 Cornelius
1109 1443 1130 1466 a
1151 1428 1292 1466 Codice
1305 1428 1503 1478 aberrans,

59 1486 174 1525 nullo
191 1499 306 1524 sensu
325 1485 447 1523 edidit
467 1483 686 1535 ἐξεσμένου.
741 1485 938 1523 Nuncium
958 1485 1180 1523 afferentem
1198 1485 1403 1523 victoriam
1421 1485 1504 1524 Ro-

60 1555 177 1580 mano
208 1542 370 1579 missum
392 1540 488 1578 dicit
514 1545 631 1591 poeta
651 1540 699 1578 ab
726 1554 770 1578 eo
783 1570 794 1589 ‚
825 1542 893 1592 qui
923 1541 965 1578 in
988 1542 1048 1578 sui
1066 1541 1270 1579 servitium
1291 1541 1505 1579 strinxerat

60 1598 255 1648 gladium,
284 1597 424 1647 quibus
443 1597 572 1635 verbis
592 1596 856 1648 Nicephorum
873 1597 1066 1647 designat,
1098 1597 1166 1647 qui
1185 1597 1227 1634 in
1246 1595 1409 1634 Romani
1430 1596 1505 1634 ob-

61 1654 240 1704 sequium
267 1653 318 1689 ad
338 1653 484 1690 bellum
503 1651 727 1689 huiusmodi
756 1652 957 1690 Saracenis
977 1653 1224 1690 inferendum
1248 1658 1503 1704 processerat.

65 1708 222 1760 [Verbis
245 1705 440 1759 μάχαιραν
465 1709 656 1754 δουλικῶς
672 1708 887 1759 ἐζωσμένος
907 1708 1244 1746 circumscribitur
1263 1709 1365 1758 dux,
1399 1720 1504 1756 ense,

61 1771 109 1802 ut
131 1764 332 1815 dignitatis
354 1764 487 1813 signo,
519 1763 696 1812 cinctus,
724 1764 840 1814 idque
865 1765 1076 1813 δουλικῶς,
1104 1763 1346 1815 utqminister
1372 1760 1506 1816 Impe-

61 1822 229 1868 ratoris,
261 1820 331 1871 qui
358 1819 465 1856 solus
485 1825 541 1856 est
561 1819 757 1857 dominus.
794 1820 837 1858 F.
862 1820 902 1870 L]

172 1879 239 1918 28.
270 1871 558 1927 Μονοτρὸπων]
587 1875 674 1911 Hoc
700 1875 856 1912 nomine
879 1875 1038 1926 proprie
1063 1875 1270 1924 dicuntur,
1307 1875 1377 1926 qui
1402 1874 1507 1913 idem
1529 1872 1606 1909 Col.
1628 1877 1655 1912 2

61 1931 166 1970 vitae
193 1931 419 1968 institutum
448 1937 666 1978 sectantur,
698 1944 787 1980 seu,
822 1931 889 1981 qui
920 1931 1168 1969 concorditer
1195 1930 1314 1968 simut
1339 1930 1499 1982 degunt,

62 1994 109 2025 ut
134 1987 176 2025 in
209 1987 350 2025 Psalm.
378 1986 531 2025 LXVII.
558 1999 596 2025 V.
624 1990 663 2028 6.
718 1985 762 2026 ‘O
793 1984 892 2034 Θεὸς
914 1987 1121 2034 κατοικίζει
1150 1983 1501 2039 μονοτρόπους

63 2043 107 2083 ἓν
137 2043 257 2098 οἴκῳ,
287 2044 403 2080 Deus
429 2042 654 2079 inhabitare
666 2044 780 2092 jacit
809 2044 972 2079 unias
1000 2044 1159 2079 moris·
1188 2044 1232 2079 in
1251 2041 1380 2083 domo.
1423 2043 1502 2081 Sed

63 2098 319 2150 Symmachus
346 2098 486 2136 vertit:
528 2100 708 2135 Domum
731 2098 892 2148 praebet
926 2100 1002 2146 iis,
1040 2100 1115 2149 qui
1138 2098 1318 2138 solitarie
1348 2100 1499 2137 uiuunt.

61 2154 195 2204 Itaque
224 2155 386 2191 Ioannes
414 2154 572 2191 Tzetzes
612 2153 711 2191 Chil.
736 2154 803 2191 1X.
836 2168 873 2194 v.
899 2156 992 2196 338.
1022 2154 1164 2205 aliique
1190 2154 1387 2193 inferioris
1414 2153 1499 2192 aevi

64 2210 205 2247 Graeci
231 2210 440 2259 scriptores
470 2223 512 2246 ea
540 2223 638 2247 voce
666 2210 715 2246 ad
739 2209 951 2247 Monachos
976 2210 1234 2260 designandos
1262 2210 1416 2262 saepius
1438 2208 1500 2247 usi

63 2271 167 2303 sunt.
226 2265 395 2316 Cyn-illus
416 2265 762 2316 scythopolitanus
790 2266 832 2303 in
849 2265 937 2303 vita
967 2267 1006 2303 S.
1027 2265 1147 2303 Sabae
1171 2279 1254 2317 cap.
1275 2269 1342 2308 28.
1362 2266 1500 2303 Mona-

62 2320 226 2358 chorum
253 2321 421 2358 virtutes
448 2322 692 2371 describens,
729 2321 888 2359 attatum
917 2321 1058 2360 Psalmi
1085 2322 1324 2361 versiculum
1345 2321 1395 2358 ad
1414 2320 1500 2358 Mo-

59 2375 207 2414 nachos
230 2377 425 2414 transsert.

69 2470 72 2471 ⁷
171 2434 237 2474 33.
266 2431 567 2483 Evotpatnyofi]
608 2432 707 2480 Quis
738 2431 855 2470 huius
882 2433 992 2471 vocis
1021 2431 1098 2471 hoc
1123 2432 1166 2470 in
1194 2432 1281 2469 loco
1310 2444 1424 2470 verus
1448 2430 1500 2469 sit

62 2500 194 2526 sensus
223 2501 304 2524 non
332 2487 431 2524 bene
449 2501 642 2538 assequor.
698 2486 967 2542 Συστρατηγός
989 2503 1060 2540 pro
1081 2489 1228 2537 collega
1250 2486 1402 2538 imperii
1422 2486 1499 2524 mi-

60 2543 207 2591 litaris,
236 2556 302 2580 seu
325 2556 397 2593 pro
420 2556 486 2591 eo,
516 2544 582 2594 qui
604 2544 720 2582 simul
749 2545 912 2592 militat,
952 2551 990 2582 et
1021 2544 1256 2595 praeliatur,
1286 2542 1496 2592 scriptores

64 2599 201 2636 Graeci
235 2598 438 2646 adhibent3
469 2604 507 2636 et
541 2600 707 2650 proinde
734 2600 784 2637 ad
811 2599 1075 2651 Nicephorum
1106 2597 1308 2636 reserenda
1338 2596 1499 2635 videre-

61 2659 136 2691 tur.
175 2654 318 2692 Verum
337 2668 378 2691 ea
397 2655 664 2704 interpretatio
683 2669 769 2693 cum
790 2656 968 2706 reliquis,
1000 2667 1094 2704 quae
1120 2667 1140 2689 a
1160 2656 1276 2704 poa‘et
1296 2651 1362 2690 hic
1379 2665 1497 2692 enan-

60 2715 222 2758 rantur,
251 2723 332 2749 non
357 2709 453 2747 bene
472 2708 673 2757 cohaeret3
703 2717 741 2748 et
763 2711 912 2748 idcirco
932 2710 1061 2761 potius
1094 2709 1195 2745 Deus
1215 2708 1297 2758 ipse
1316 2711 1496 2759 Συστρα-

60 2762 172 2817 τηγός
194 2778 215 2801 a
235 2765 453 2803 Theodosio
494 2766 710 2817 appellatus
732 2766 910 2814 videtur,
941 2764 1050 2802 cuius
1070 2763 1317 2815 potissimum
1347 2776 1423 2815 ope
1449 2776 1496 2802 ac
