1768 3034
265 147 363 196 204
597 154 674 198 DE
700 152 1092 199 VELITATIOPOE
1119 153 1356 198 BELLICA

265 264 330 303 καὶ
361 261 665 304 ἀποσκοποῦντα
694 261 766 316 τὴν
795 266 867 304 τοῦ
887 260 1042 317 Ἀμηρᾶ
1071 257 1293 316 παράταξιν
1300 292 1332 312 ,,
1352 261 1418 302 καὶ
1436 259 1489 302 τὰ
1506 260 1593 315 περὶ
1615 258 1689 301 αὖ-

227 334 360 383 υτῆς,
402 327 455 378 ὥς
484 328 534 371 ἂν
562 327 806 385 ὃὸοιπορείη,
844 326 1107 382 καταμηνύειν
1127 328 1249 385 αὐτῷ.
1294 329 1328 370 εἰ
1347 329 1392 369 δὲ
1412 329 1477 369 καὶ
1496 331 1687 383 φοῦλκον,

265 397 310 438 τὸ
329 399 383 445 εἷς
401 396 583 452 φυλακὴν
599 401 679 438 τῶν
699 396 1083 451 διασκορπιζομένων
1100 395 1201 451 πρὸς
1218 395 1325 436 λείαν
1342 395 1538 448 πολεμίων
1557 392 1690 449 ὗπάρ-

48 471 116 503 Ὲοῐ.
138 471 207 506 383
230 482 257 505 r.
261 481 351 517 χον,
388 462 621 517 συναντήσει
640 461 662 504 ὃ
685 463 907 519 στρατηγὸς
926 467 1085 517 πλῆθος
1102 462 1213 516 ἔβζον,
1249 464 1339 516 διχῆ
1357 462 1428 503 τὸν
1446 460 1543 503 λαὸν
1565 459 1691 503 αὗτοῦ

263 531 395 584 διέλῃ,
433 532 498 572 καὶ
527 530 755 585 ἔμπροσθεν
782 531 855 583 μὲν
884 530 1098 585 ἀποστείλῃ
1124 530 1220 578 τοὺς
1246 529 1480 585 ὀφείλοντας
1497 528 1599 582 μετὰ
1617 531 1724 570 τοῦδ

258 596 438 654 φούλκου
458 595 638 650 συνάψαι
658 596 842 651 πόλεμον.
880 595 1034 639 τούτων
1053 596 1405 654 δὲσυῤῥαγέντων,
1442 596 1565 644 εὐθὺς
1584 597 1650 637 καὶ
1663 593 1690 637 ὁ

259 664 484 719 στρατηγὸς
520 664 620 717 μετὰ
664 669 736 719 τῆς
762 663 1021 720 παρατάξεως
1052 662 1178 706 αὖτοῢ
1207 666 1375 717 πλησίον
1403 665 1691 705 ἐπακολουθῶν

260 731 379 780 ὀξέως
398 733 463 772 καὶ
478 730 679 784 εὐτόλμως
694 731 797 786 μετὰ
816 736 991 787 κραυγῆς
1010 733 1075 772 καὶ
1097 732 1331 785 ἀλαλακγμοῢ
1350 731 1424 772 σὺν
1441 731 1581 788 ἔλασία
1601 729 1688 771 κατ’

260 799 391 840 αὐτῶν
421 796 658 853 ὅρμησάτω,
697 801 763 841 καὶ
788 797 976 850 τούτους,
1019 800 1123 840 Θεοῦ
1149 799 1346 855 βοηθείᾳ,
1383 796 1691 854 τροπωσάμενος

106 866 147 898 P.
173 867 237 901 132
260 864 493 914 καταδιώξει
512 868 577 907 καὶ
596 867 750 915 τελείως
767 867 1089 920 καταγωνίσεται.
1127 867 1161 906 εἶ
1180 860 1252 906 οὖν
1273 867 1379 907 Θεοῦ
1396 866 1580 922 συνεργία
1597 864 1689 906 εὗο-
1703 873 1746 907 10
1767 897 1768 902 ,

257 935 377 988 δωθῇ
407 931 428 974 ὅ
458 933 702 988 στρατηγὸς,
740 935 805 974 καὶ
837 933 931 981 τοὺς
959 935 1013 980 εἷς
1042 933 1150 990 λείαν
1180 930 1453 988 ἐκδραμόντας
1478 933 1691 985 πολεμιόυς

258 998 636 1056 κατατροπώσηται,
675 1002 709 1042 εἴ
726 1001 799 1054 μὲν
815 998 991 1055 μεγάλην
1008 1001 1073 1040 καὶ
1093 996 1298 1054 ἀξιόλογον
1318 1001 1499 1041 δουλείαν
1519 997 1691 1055 ἐργάση-

259 1083 347 1118 ται,
386 1065 487 1115 εἷκός
518 1069 601 1108 ἔστι
632 1067 725 1116 τοὺς
747 1068 920 1123 ἐχθροὺς
937 1066 1036 1123 πρὸς
1061 1067 1135 1121 τὴν
1155 1068 1260 1108 ἰδίαν
1278 1065 1418 1123 χώραν
1438 1064 1692 1123 ὑποστρέψαι

257 1134 342 1187 μετ’
373 1132 574 1188 αι’σχύνης.
622 1136 655 1175 εἶ
686 1135 730 1175 δὲ
759 1134 814 1175 ἔτι
847 1136 887 1176 ἐν
907 1139 956 1190 τῇ
976 1132 1148 1192 ἡμετέρᾳ
1159 1136 1345 1190 χρονίσαι
1366 1138 1582 1188 μελετῶσι,
1619 1133 1690 1189 τὸν

258 1201 361 1242 ἴδιον
410 1201 507 1242 λαὸν
548 1199 569 1242 ὃ
607 1201 829 1256 στρατηγὸς
867 1200 1249 1255 ἆναλαμβανόμενος
1285 1200 1467 1256 μήκοθεν
1510 1201 1688 1256 γενέσθω
1701 1211 1744 1247 15

255 1272 335 1309 τῶν
367 1269 588 1321 πολεμίων,
626 1270 666 1309 ἐν
696 1269 928 1323 ἐπιτηδείοις
957 1267 1142 1323 δηλονότι
1169 1271 1353 1325 χωρίοις,
1393 1270 1459 1310 καὶ
1489 1269 1558 1311 τὸν
1589 1268 1688 1310 λαὸν

252 1333 379 1377 αὗτοῦ
408 1334 636 1377 κατάκοπον
658 1334 755 1377 ὄντα
783 1337 845 1377 ἐπὶ
864 1334 1015 1392 ἡμέρας
1035 1343 1138 1392 τρεῖς
1166 1335 1503 1388 διαναπαυσάτω,
1539 1333 1690 1389 μόνους

254 1403 349 1451 τοὺς
391 1403 629 1458 παραμένειν
680 1403 934 1459 ὀφείλοντας,
982 1401 1035 1451 ὥς
1075 1403 1151 1457 ἤδη
1193 1404 1416 1453 ἒξεθέμεθα
1427 1435 1441 1454 ,
1489 1402 1688 1444 ἆποστέλ-
1714 1410 1717 1412 ’
1765 1430 1768 1460 }

253 1474 335 1511 λων
373 1468 520 1525 ἑκάστῃ
547 1468 687 1527 ἡμέρα.
746 1470 846 1526 πρὸς
875 1468 1137 1526 ὑποστροφὴν
1165 1471 1209 1512 δὲ
1235 1469 1445 1525 ὁρμῶντας
1475 1468 1642 1527 τούτους
1664 1467 1687 1510 ὅ

252 1537 476 1592 στρατηγὸς
506 1537 708 1591 ἐπιγνοὺς,
745 1539 972 1592 παραυτίκα
995 1536 1103 1590 τάχει
1129 1541 1264 1593 πολλῷ
1294 1537 1468 1592 ἄρχοντα
1487 1541 1568 1578 τῶν
1581 1531 1768 1602 χρη-2η

252 1606 381 1656 σι’μων
406 1604 642 1652 ἀποστείλας
650 1637 663 1655 ,
703 1605 748 1645 τὸ
780 1603 1182 1660 πεζικὸνστράτευμα
1201 1607 1255 1653 εἷς
1273 1605 1345 1653 τὰς
1363 1605 1588 1659 δυσχωρίας
1606 1608 1687 1645 τῶν
1760 1602 1768 1672 ³

252 1669 359 1713 ὁδῶν
387 1669 714 1727 ε’πισωρευσάτω·
751 1674 817 1713 καὶ
850 1672 972 1720 αὐτὸς
1001 1673 1043 1713 δὲ
1072 1669 1337 1727 ὃστρατηγὸς
1359 1670 1592 1723 σπευσάτω,
1627 1671 1683 1725 μῆ

252 1739 294 1778 ἒν
321 1738 430 1780 νυκτὶ
461 1740 564 1792 μηδὲ
593 1740 634 1780 ἐν
661 1737 790 1797 ἡμέρα
812 1738 955 1780 ἑαυτὸν
976 1743 1111 1788 ποσῶς
1130 1738 1180 1781 ἂν
1197 1739 1447 1789 ἀναπαῦσαι,
1486 1738 1589 1779 ἀλλὰ
1612 1738 1686 1779 σῦν

252 1803 362 1858 τάχει
390 1810 524 1862 πολλῷ
555 1806 784 1861 ἔμπροσθεν
812 1807 943 1848 αὐτῶν
968 1807 1167 1861 γενέσθω,
1199 1809 1265 1847 καὶ
1282 1810 1413 1854 καλῶς
1430 1803 1685 1861 παρασκευά-

252 1887 329 1920 σας
357 1872 462 1913 ἅπαν
492 1873 537 1914 τὸ
567 1878 647 1914 τῶν
675 1875 800 1924 πεζῶν
821 1876 885 1914 καὶ
908 1875 1055 1916 ἱππέων
1076 1872 1200 1915 αὖτοῦ
1218 1872 1470 1930 στράτευμα,
1507 1872 1579 1914 τὸν
1595 1871 1760 1919 κατ’25,

344 1946 397 1979 17.
426 1943 633 1981 κατάκοπον
649 1943 749 1981 ὄντα.
780 1947 858 1981 vid.
883 1959 987 1992 supra
1004 1946 1070 1983 124
1090 1949 1132 1982 A.
1753 1947 1756 1950 ’

251 2011 313 2056 qui
335 2012 465 2045 Amitae
485 2013 588 2047 aciem
608 2014 722 2048 videat
747 2026 786 2048 ac
802 2015 1013 2058 speculetur,
1037 2018 1072 2048 et
1095 2014 1231 2055 deilla,
1255 2012 1527 2058 quemadmodum
1549 2024 1586 2046 se
1610 2023 1682 2046 mo-

252 2060 351 2096 veat,
374 2056 437 2089 sibi
459 2059 642 2092 renunciet.
687 2060 726 2092 Si
743 2060 877 2103 globum
893 2071 1028 2092 numero
1045 2060 1252 2103 frequentem
1268 2059 1335 2092 dux
1354 2058 1514 2098 offendit,
1537 2058 1594 2102 qui
1619 2058 1682 2091 ho-

251 2101 359 2134 stibus
378 2103 570 2145 praedatum
587 2105 746 2148 dispersis
764 2105 932 2149 praesidio
949 2105 1014 2145 sit,
1038 2105 1192 2138 bifariam
1219 2103 1350 2137 dividat
1366 2114 1493 2137 manum
1511 2114 1621 2143 suam,
1646 2106 1682 2136 et

252 2146 372 2191 partim
391 2148 603 2191 praemittat,
627 2150 686 2194 qui
704 2161 778 2182 cum
795 2151 857 2183 hoc
874 2150 973 2193 giobo
991 2160 1133 2193 pugnam
1155 2149 1281 2182 ineant.
1328 2148 1458 2188 Quibus
1483 2147 1681 2192 praelianti—

250 2193 334 2232 bus,
357 2192 523 2236 evestigio
544 2194 609 2227 dux
627 2206 759 2239 quoque
778 2207 850 2228 cum
865 2206 924 2228 sua
942 2195 1015 2228 acie
1041 2194 1191 2238 proxime
1207 2194 1410 2238 subsequens
1435 2193 1559 2226 acriter
1576 2197 1681 2237 atque

250 2237 397 2270 animose
413 2248 486 2269 cum
507 2238 650 2272 clamore
669 2243 703 2272 et
719 2240 849 2272 barritu
866 2240 987 2273 cursim
1004 2240 1039 2272 in
1055 2239 1131 2272 ilios
1150 2251 1186 2272 se
1204 2239 1341 2279 incitet,
1365 2249 1488 2282 eosque
1503 2237 1567 2271 Dei
1582 2238 1680 2270 auxi-

249 2282 294 2314 iio
310 2283 401 2314 susos
421 2289 641 2327 persequetur
661 2296 700 2317 ac
716 2285 865 2317 funditus
882 2285 1017 2318 delebit.
1064 2284 1163 2324 Quod
1197 2284 1245 2324 si,
1268 2284 1398 2317 numine
1421 2282 1680 2323 obsecundante,

247 2327 318 2360 dux
333 2328 421 2360 bene
436 2339 504 2360 rem
525 2329 643 2372 gessit,
667 2330 863 2373 compressis
874 2329 1076 2363 adversariis
1093 2329 1288 2374 praedatum
1307 2328 1464 2373 egressis,
1482 2327 1511 2361 si
1527 2327 1679 2371 magnum

248 2377 352 2416 atque
375 2371 507 2414 insigne
526 2373 655 2406 facinus
676 2374 811 2414 effecit,
836 2375 1035 2408 credendum
1053 2379 1106 2407 est
1123 2375 1235 2407 hostes
1253 2386 1325 2407 cum
1341 2375 1463 2419 probro
1480 2373 1610 2406 domum
1624 2383 1679 2405 re·-

247 2417 390 2450 dituros.
435 2418 505 2451 Sed
519 2419 549 2451 si
567 2419 705 2462 amplius
718 2419 753 2451 in
778 2419 906 2453 ditione
931 2425 1047 2452 nostra
1071 2419 1265 2452 commorari
1292 2422 1498 2458 statuerunt,
1531 2417 1598 2450 dux
1622 2420 1678 2449 as·-

247 2468 358 2495 sumto
373 2474 433 2496 suo
450 2463 581 2506 agmine
596 2463 729 2507 longius
750 2464 868 2497 abillis
886 2464 1058 2506 discedat,
1081 2465 1144 2497 hoc
1164 2471 1215 2498 est
1230 2464 1265 2498 in
1283 2465 1359 2498 loca
1375 2463 1516 2503 idonea,
1538 2461 1596 2496 ubi
1608 2459 1677 2494 'mi-

247 2507 326 2540 lites
346 2519 422 2541 suos
439 2508 641 2552 defatigatos
660 2520 719 2552 per
741 2506 884 2542 tridii‘urn
910 2509 1058 2550 reficiat,
1090 2509 1243 2554 solosque
1269 2510 1326 2554 qui
1347 2507 1513 2554 speculari
1540 2504 1676 2548 debent,

247 2552 350 2585 sicuti
369 2552 434 2586 iam
454 2554 683 2597 exposuimus,
707 2554 861 2599 quotidie
881 2555 1022 2588 emittat.
1068 2554 1199 2587 Atenim
1214 2555 1274 2588 ubi
1292 2552 1470 2599 cognovit,
1494 2561 1550 2585 eos
1578 2550 1676 2594 signa.

247 2597 391 2630 movisse
407 2597 569 2631 redeundi
586 2610 705 2639 causa,
729 2599 892 2642 evestigio
919 2611 980 2643 per
996 2600 1202 2643 praefectum
1227 2601 1400 2644 probatum
1420 2607 1539 2640 magna
1557 2595 1676 2628 celeri-

248 2645 320 2674 tate
338 2643 472 2676 missum
488 2643 524 2677 in
548 2644 786 2689 asperitatibus
811 2644 939 2677 viarum
962 2645 1137 2688 pedestres
1162 2645 1276 2688 copias
1299 2645 1505 2688 congreget:
1534 2640 1677 2685 ipseque

247 2685 318 2718 dux
332 2688 534 2730 connitatur,
557 2694 594 2722 ut
609 2700 716 2734 neque
732 2694 831 2722 nocte
846 2700 953 2733 neque
969 2689 1115 2723 interdiu
1135 2696 1264 2734 partem
1280 2690 1377 2722 ullam
1404 2685 1515 2730 capiat
1541 2685 1679 2729 quietis,

249 2731 310 2763 sed
329 2733 502 2777 celeritate
518 2734 659 2768 maxima
670 2746 728 2768 eos
746 2739 963 2778 praecurrat,
992 2738 1028 2767 et
1043 2734 1205 2769 universis
1222 2733 1432 2780 pedestribus
1450 2730 1678 2775 equestribus-

250 2787 313 2819 que
333 2777 439 2821 copiis
457 2780 542 2812 bene
568 2779 779 2824 praeparatis
800 2778 1043 2813 dimicationem
1063 2781 1222 2814 adversus
1239 2781 1313 2814 ilios
1332 2779 1495 2817 instruat,
1518 2774 1676 2820 quemad-
