1754 2996
303 145 414 194 2496
594 140 597 143 ’
739 154 890 197 r(213
918 152 1071 197 HAsn
1095 155 1295 201 NOTAE

317 257 409 327 149
430 256 477 298 Α.
507 257 652 312 συνέβη
673 256 766 307 τούς
791 259 977 307 πλείονας
1002 262 1084 301 τῶν
1111 257 1379 314 διαφερόντων
1402 264 1478 302 τοῦ
1499 261 1750 315 θεασαμένου

313 312 365 354 τὸ.
378 313 476 369 ὄναρ
495 319 675 367 νοσῆσαι.
731 316 896 363 Deinde,
924 318 1124 355 'vetustum
1143 331 1226 355 esse
1245 317 1362 356 illum
1386 331 1500 356 usum
1523 319 1636 358 verbi
1664 320 1748 359 δια-

159 376 207 427 P.⁸
222 375 291 414 254
314 369 445 422 φέρω,
475 378 544 409 aut
568 373 671 410 certe
699 372 836 423 primis
863 372 1024 410 saeculis
1051 373 1251 424 religionis
1278 379 1435 412 nostrae
1458 386 1538 413 non
1566 374 1751 424 incogni—

313 432 421 475 tum,
450 429 583 465 testari
607 427 884 479 inscriptiones
913 428 1009 466 duas
1035 443 1058 466 a
1078 429 1380 468 Iac.G1-onovio
1399 429 1539 469 relatas
1561 430 1749 470 Memoria

315 483 553 521 Cossoniana
576 484 669 526 144.
691 484 734 522 Β.
773 485 1150 526 Alte1amNo,xv1:

375 555 552 593 ΤΟΥΤΟ.
582 555 658 593 ΤΟ.
683 556 942 595 ΑΝΓΕΙΟΝ.
971 556 1261 596 ΔΙΑΦΕΡΕΙ.
1285 559 1402 595 ΑΤΡ.
1422 555 1748 596 ΘΕΟΚΤΙΣΤΩ.

299 616 305 623 ’
1013 614 1379 652 ΜΑΡΚΕΛΛΟΥ.

368 667 454 703 Hic
479 665 639 703 loculus
659 673 716 703 est
733 665 902 704 Aurelio
930 667 1165 718 Theonino,
1194 668 1379 706 Marcelli
1397 668 1443 706 F.

311 735 487 774 Alteiam
511 735 608 776 ibid.
634 736 706 774 No.
726 750 830 775 xvn.
866 736 910 775 in
939 751 1034 789 qua,
1062 753 1159 778 voce
1185 737 1422 791 penultima,
1450 735 1658 787 legendum
1683 734 1750 774 vi-

312 793 428 830 detur
454 794 647 832 ATTOY=

367 865 522 902 ΑΤΤΗ.
538 866 588 902 Η.
617 865 805 903 ΣΟΡΟΣ.
831 866 1109 904 ΔῙΑΦΕΡΕΙ
1132 864 1495 904 ΠΟΛΤΚΑΡΠΩ..
1525 864 1750 903 ἸΠΟΔΙΑ-

312 920 486 959 ΚΟΝΩ..
513 921 624 958 ΚΑΙ.
658 922 733 958 ΤΗ
756 922 995 959 ΓΓΝΑΙΚΙ.
1024 923 1144 960 HOY.
1169 922 1476 960 ΠΑΛΛΑΔΙΑ.

313 1014 319 1022 ,
364 976 478 1012 Ilaec
499 988 596 1011 arca
617 982 672 1012 est
691 977 911 1027 Polycarpo
931 975 1203 1026 subdiacono,
1222 984 1258 1014 et
1279 978 1396 1013 uxori
1415 977 1502 1012 eius
1517 972 1749 1015 Palladiae.

307 1043 610 1095 Inscriptionem
631 1045 841 1083 secundam
867 1045 1122 1084 Christianam
1143 1060 1223 1085 esse
1239 1052 1368 1098 patet,
1396 1046 1570 1097 priorem
1589 1044 1748 1084 creden-

311 1101 406 1139 dum
428 1105 496 1138 est.
553 1101 701 1138 Positas
724 1102 867 1153 opinor
884 1103 1038 1140 saeculo
1058 1103 1250 1151 secundo,
1280 1109 1347 1141 aut
1363 1102 1494 1140 tertio.

420 1170 522 1219 Pag.
556 1168 645 1210 174.
676 1168 747 1207 lin-
785 1172 849 1210 17.
877 1166 1139 1221 γνωματεύων
1166 1186 1243 1225 orgo
1261 1166 1416 1225 τρόπῳ]
1445 1168 1594 1220 Scripsi
1619 1165 1749 1205 medi·-

313 1231 430 1261 tans:
462 1225 524 1261 for
527 1230 623 1262 tasse
646 1225 765 1274 paulo
779 1225 900 1274 magis
920 1226 969 1262 ad
994 1240 1150 1264 sensum
1171 1227 1308 1264 Leonis
1326 1212 1482 1275 fuisset,
1511 1238 1582 1263 vei
1584 1230 1664 1261 tere
1681 1223 1749 1261 hie

309 1287 347 1318 et
371 1281 408 1322 5
429 1281 469 1317 C.
502 1278 739 1330 explorans,-
770 1281 874 1332 apud
894 1281 1098 1332 Agathiam
1117 1289 1221 1320 certe
1240 1277 1476 1349 γνωματεύω
1492 1286 1550 1319 est
1571 1279 1647 1318 hac
1672 1293 1750 1317 no-

271 1344 301 1378 B
314 1336 417 1373 tione
441 1336 506 1378 25.
533 1338 572 1373 (3.
590 1333 934 1387 γνωματεύσοντας
958 1338 998 1385 ἐς
1017 1336 1058 1378 τὸ
1076 1335 1233 1390 ἀκριβὲς
1248 1337 1295 1378 τοὶ
1313 1334 1559 1390 βουλεύματα
1577 1327 1657 1375 τῶν
1676 1350 1749 1375 πο-

280 1393 463 1442 λεμίων.
522 1392 639 1444 Apud
669 1393 834 1430 eundem
858 1397 924 1435 20.
945 1395 992 1433 D.
1021 1400 1060 1433 et
1089 1398 1180 1437 119.
1216 1394 1258 1432 C
1287 1394 1456 1433 vertitur
1477 1390 1747 1444 perpendens.-

310 1451 401 1491 116.
430 1447 475 1486 A.
497 1450 720 1499 pensitans.

418 1505 648 1555 Pag.175-
687 1505 759 1543 lin.
793 1507 857 1546 10.
898 1507 970 1555 τῆς
1003 1507 1214 1557 Χερσῶνος
1241 1501 1413 1555 αλωσιν]
1454 1503 1563 1541 Haec
1592 1509 1651 1540 est
1678 1502 1749 1540 illa

308 1560 520 1598 Chersonis
552 1574 573 1596 a
595 1560 825 1597 Wladimiro
856 1560 995 1610 Magno
1025 1561 1251 1611 occupatio,
1289 1573 1407 1611 quam
1435 1560 1576 1598 Nestor
1606 1559 1747 1597 Annal.

310 1617 402 1659 105.
419 1617 460 1653 B.
482 1616 652 1655 version.
682 1615 814 1653 Scher.
835 1630 868 1654 a.
898 1616 1041 1654 Christi
1066 1619 1159 1659 988.
1189 1616 1375 1654 accidisse
1402 1622 1543 1654 auctor
1561 1621 1630 1653 est.
1684 1614 1748 1652 Ad

310 1672 567 1710 illustrandas
590 1686 652 1710 res
676 1678 898 1723 temporum
918 1672 1078 1710 illorum
1099 1673 1300 1724 pertinent
1325 1673 1492 1710 fortasse
1509 1671 1747 1723 epistolaene

308 1728 434 1765 dicam
448 1742 496 1765 an
510 1729 777 1766 commentarii
794 1729 1020 1778 fraumenta
1039 1729 1243 1766 servatain
1261 1727 1355 1766 cod.
1374 1741 1473 1765 saec.
1492 1740 1533 1765 x.
1552 1725 1747 1776 exeuntis,

307 1785 346 1821 S.
375 1784 528 1833 Basilii,
566 1784 809 1834 Phalaridis,
850 1786 888 1822 S.
922 1785 1100 1833 Gregorii
1127 1783 1360 1822 Nazianzeni
1397 1783 1582 1835 epistolas
1620 1782 1747 1820 varias

308 1841 546 1880 continente.
604 1841 651 1878 In
678 1840 755 1878 hoc
779 1840 898 1890 igitur
918 1841 1082 1904 Codice,
1113 1841 1182 1892 qui
1207 1841 1281 1878 fuit
1306 1838 1571 1877 Bibliothecae
1594 1838 1745 1888 Regiae,

304 1904 525 1946 possessor,
556 1896 623 1947 qui
643 1903 681 1934 et
699 1896 930 1946 legationem
953 1897 1059 1934 circa
1083 1897 1291 1948 Danaprim
1319 1894 1425 1948 (vide
1445 1895 1548 1933 infra
1567 1894 1661 1937 254.
1680 1891 1745 1944 D.)

307 1951 450 1999 obivit,
482 1959 519 1989 et
538 1953 686 2003 oppido
705 1967 753 2003 Pl
755 1953 873 1990 aefunt
893 1952 1002 2004 (257.
1024 1954 1067 1990 D.
1072 1951 1100 2005 ),
1130 1953 1272 1990 litteiis
1290 1951 1450 1989 minutis
1469 1950 1746 2001 perplexisque

306 2007 536 2055 admodum,
566 2022 639 2045 nec
659 2009 784 2046 multo
803 2022 917 2059 quam
941 2008 1033 2046 cod.
1052 2008 1135 2059 ipse
1153 2007 1436 2046 recentioribus
1454 2004 1551 2044 folia
1570 2006 1648 2043 (luo
1669 2018 1745 2043 va-

277 2067 280 2069 ’
307 2075 378 2099 cua
410 2063 559 2111 illevit,
589 2065 724 2101 multis
751 2065 879 2102 verbis
910 2064 1090 2112 mutatis,
1127 2063 1321 2109 inductis,
1359 2061 1657 2113 superscriptis,
1697 2066 1746 2098 ut

307 2116 487 2155 dubitare
518 2132 598 2156 non
624 2133 764 2171 queas,
797 2133 883 2158 eum
908 2120 1017 2158 hunc
1043 2119 1160 2168 Cod.‚
1190 2126 1236 2157 ut
1259 2124 1316 2156 est
1345 2118 1508 2168 exiguae
1532 2117 1669 2165 molis,
1698 2116 1745 2153 in

309 2173 625 2225 expeditionibus
649 2189 782 2213 secum
799 2182 988 2227 portasse,
1021 2175 1256 2226 pagellisque
1274 2174 1355 2211 eius
1372 2174 1509 2211 vacuis
1524 2173 1577 2210 ad
1594 2173 1744 2224 episto-

270 2229 365 2267 clas
380 2231 753 2281 commentariosque
769 2232 1013 2269 meditandus
1030 2244 1111 2269 esse
1129 2244 1255 2268 usum.
1311 2230 1417 2267 Dabo
1433 2229 1647 2280 fragmenta
1663 2241 1743 2279 quo

305 2285 444 2325 ordine
462 2293 555 2323 sunt
575 2286 617 2323 in
637 2287 754 2324 Cod.=
783 2287 936 2325 tametsi
952 2287 1193 2337 legationem,
1224 2286 1272 2322 de
1290 2298 1366 2336 qua
1383 2259 1537 2334 statiiii,
1565 2298 1649 2323 non
1664 2282 1743 2321 nisi

300 2348 392 2394 post
413 2341 563 2379 bellum
596 2341 703 2394 (vide
731 2344 898 2381 alterum
922 2344 1179 2392 fragmentum
1206 2342 1299 2384 256.
1330 2339 1390 2391 D.)
1419 2341 1607 2379 accidisse
1626 2334 1743 2378 facile

303 2398 423 2437 dicas.
481 2398 593 2435 Prius
621 2397 678 2434 sic
706 2398 847 2449 incipit
874 2399 1120 2449 imperfecte,
1151 2398 1198 2434 de
1221 2398 1409 2448 Danapris
1436 2396 1621 2445 traiectu,
1659 2395 1742 2445 gla-

302 2454 449 2491 cierum
470 2454 692 2504 fragmentis
712 2454 848 2491 lintres
869 2454 1220 2492 transmittentium
1238 2452 1478 2490 infestantis.
1500 2452 1742 2503 ..δυσχερῶς

300 2507 510 2577 κατήγετο,
535 2510 662 2549 καίτοι
683 2526 736 2560 μη
758 2510 917 2557 πλείους
919 2513 1064 2578 τριῶν
1087 2506 1242 2559 ἀνδρῶν
1264 2506 1428 2548 ἕκαστου
1449 2520 1568 2572 σφων
1588 2505 1742 2557 δεχομὲ.

300 2579 391 2605 νου·
425 2563 528 2606 οὕτω
547 2562 653 2605 πάνυ
671 2562 892 2615 φαυλότατα
907 2566 971 2616 ἠν.
1022 2561 1123 2604 Ἀλλ’
1139 2561 1232 2604 ου’ὃὲ
1247 2567 1370 2603 ταῦτα
1389 2579 1496 2629 ομως
1512 2558 1645 2614 χώραν
1663 2558 1741 2613 εἶχε

299 2636 407 2672 παρα
422 2625 478 2677 τῷ
495 2618 676 2674 ῥεύματι·
706 2618 830 2661 πολλα
850 2636 924 2673 γαρ
943 2617 1074 2659 αυτῶν
1092 2620 1156 2660 ἐπι
1175 2621 1368 2672 μεγίστοις
1383 2633 1526 2671 παγοις
1542 2617 1633 2657 δυσὶ
1645 2629 1737 2656 συν·

297 2674 489 2731 ηρασσειό
505 2677 571 2717 καὶ
594 2676 823 2726 ξυνέπιπτε·
845 2677 913 2716 καὶ
928 2675 1075 2728 ὁσαχοῦ
1094 2691 1211 2717 τουτο
1231 2675 1415 2728 ξυμβαίη,
1440 2674 1686 2726 ἐκπηδωντες
1696 2670 1733 2724 *)

343 2786 377 2830 J
402 2785 540 2833 ἐκπηδ
518 2798 620 2829 οντες
642 2786 727 2823 Cod-
