<?xml version="1.0" encoding="UTF-8"?>
<!DOCTYPE html PUBLIC "-//W3C//DTD XHTML 1.0 Transitional//EN"
    "http://www.w3.org/TR/xhtml1/DTD/xhtml1-transitional.dtd">
<html xmlns="http://www.w3.org/1999/xhtml" xml:lang="en" lang="en">
 <head>
  <title>
</title>
<meta http-equiv="Content-Type" content="text/html;charset=utf-8" />
  <meta name='ocr-system' content='tesseract 3.04.00' />
  <meta name='ocr-capabilities' content='ocr_page ocr_carea ocr_par ocr_line ocrx_word'/>
</head>
<body>
  <div class='ocr_page' id='page_1' title='image "./corpusscriptorum33niebuoft/corpusscriptorum33niebuoft_0154.png"; bbox 0 0 1768 3034; ppageno 0'>
   <div class='ocr_carea' id='block_1_1' title="bbox 286 125 1235 178">
    <p class='ocr_par' dir='ltr' id='par_1_1' title="bbox 286 125 1235 178">
     <span class='ocr_line' id='line_1_1' title="bbox 286 125 1235 178; baseline 0.007 -7"><span class='ocrx_word' id='word_1_1' title='bbox 286 125 384 172; x_wconf 89' lang='lat'><em>110</em></span> <span class='ocrx_word' id='word_1_2' title='bbox 766 133 969 177; x_wconf 90' lang='lat' dir='ltr'><strong>LEONIS</strong></span> <span class='ocrx_word' id='word_1_3' title='bbox 996 134 1235 178; x_wconf 89' lang='lat' dir='ltr'><strong>DIACONI</strong></span> 
     </span>
    </p>
   </div>
   <div class='ocr_carea' id='block_1_2' title="bbox 60 238 1766 2710">
    <p class='ocr_par' dir='ltr' id='par_1_2' title="bbox 69 238 1713 500">
     <span class='ocr_line' id='line_1_2' title="bbox 69 238 1711 300; baseline 0.008 -25"><span class='ocrx_word' id='word_1_4' title='bbox 69 245 103 277; x_wconf 83' lang='grc' dir='ltr'><em>Α.</em></span> <span class='ocrx_word' id='word_1_5' title='bbox 120 245 164 277; x_wconf 90' lang='grc' dir='ltr'><em>Μ.</em></span> <span class='ocrx_word' id='word_1_6' title='bbox 182 244 271 281; x_wconf 84' lang='grc'><strong>6478</strong></span> <span class='ocrx_word' id='word_1_7' title='bbox 284 239 434 297; x_wconf 78' lang='grc' dir='ltr'><em>ἆθέρος</em></span> <span class='ocrx_word' id='word_1_8' title='bbox 453 239 812 298; x_wconf 77' lang='grc' dir='ltr'><em>ἆναγναμφθὲντος</em></span> <span class='ocrx_word' id='word_1_9' title='bbox 839 244 890 298; x_wconf 79' lang='grc' dir='ltr'><em>τῇ</em></span> <span class='ocrx_word' id='word_1_10' title='bbox 917 244 1014 297; x_wconf 86' lang='grc' dir='ltr'><em>κυνῇ</em></span> <span class='ocrx_word' id='word_1_11' title='bbox 1023 273 1036 292; x_wconf 89' lang='grc'><em>,</em></span> <span class='ocrx_word' id='word_1_12' title='bbox 1075 242 1140 282; x_wconf 82' lang='grc' dir='ltr'><em>καὶ</em></span> <span class='ocrx_word' id='word_1_13' title='bbox 1164 238 1361 296; x_wconf 77' lang='grc' dir='ltr'><em>ἀλλαχόσε</em></span> <span class='ocrx_word' id='word_1_14' title='bbox 1381 246 1433 300; x_wconf 84' lang='grc' dir='ltr'><em>τῇ</em></span> <span class='ocrx_word' id='word_1_15' title='bbox 1448 240 1599 299; x_wconf 79' lang='grc' dir='ltr'><em>ταύτης</em></span> <span class='ocrx_word' id='word_1_16' title='bbox 1621 261 1711 288; x_wconf 82' lang='grc' dir='ltr'><em>στε-</em></span> 
     </span>
     <span class='ocr_line' id='line_1_3' title="bbox 110 292 1712 367; baseline 0.002 -17"><span class='ocrx_word' id='word_1_17' title='bbox 110 292 174 322; x_wconf 81' lang='lat' dir='ltr'><strong>lnd.</strong></span> <span class='ocrx_word' id='word_1_18' title='bbox 197 293 239 327; x_wconf 73' lang='lat'><em>13</em></span> <span class='ocrx_word' id='word_1_19' title='bbox 282 307 470 364; x_wconf 66' lang='grc' dir='ltr'><em>γανότητι</em></span> <span class='ocrx_word' id='word_1_20' title='bbox 487 309 882 364; x_wconf 82' lang='grc' dir='ltr'><em>περιολισθήσαντος.</em></span> <span class='ocrx_word' id='word_1_21' title='bbox 927 311 1235 359; x_wconf 86' lang='grc' dir='ltr'><em>Κωνσταντῖνος</em></span> <span class='ocrx_word' id='word_1_22' title='bbox 1253 311 1297 352; x_wconf 79' lang='grc' dir='ltr'><em>δὲ</em></span> <span class='ocrx_word' id='word_1_23' title='bbox 1315 307 1336 352; x_wconf 83' lang='grc' dir='ltr'><em>ὃ</em></span> <span class='ocrx_word' id='word_1_24' title='bbox 1354 313 1584 367; x_wconf 85' lang='grc' dir='ltr'><em>πατρίκιος,</em></span> <span class='ocrx_word' id='word_1_25' title='bbox 1615 312 1712 355; x_wconf 83' lang='grc' dir='ltr'><em>σύν-</em></span> 
     </span>
     <span class='ocr_line' id='line_1_4' title="bbox 281 374 1708 435; baseline 0.003 -18"><span class='ocrx_word' id='word_1_26' title='bbox 281 393 399 430; x_wconf 89' lang='grc' dir='ltr'><em>αιμος</em></span> <span class='ocrx_word' id='word_1_27' title='bbox 419 381 476 433; x_wconf 79' lang='grc' dir='ltr'><em>τῷ</em></span> <span class='ocrx_word' id='word_1_28' title='bbox 507 374 655 435; x_wconf 71' lang='grc' dir='ltr'><em>Βάρδα</em></span> <span class='ocrx_word' id='word_1_29' title='bbox 679 381 824 428; x_wconf 81' lang='grc' dir='ltr'><strong><em>τελῶν,</em></strong></span> <span class='ocrx_word' id='word_1_30' title='bbox 863 375 954 431; x_wconf 73' lang='grc' dir='ltr'><em>ἄρτι</em></span> <span class='ocrx_word' id='word_1_31' title='bbox 983 380 1041 434; x_wconf 75' lang='grc' dir='ltr'><em>τῷ</em></span> <span class='ocrx_word' id='word_1_32' title='bbox 1071 374 1193 435; x_wconf 79' lang='grc' dir='ltr'><em>ἷούλῳ</em></span> <span class='ocrx_word' id='word_1_33' title='bbox 1215 377 1290 432; x_wconf 87' lang='grc' dir='ltr'><em>τὴν</em></span> <span class='ocrx_word' id='word_1_34' title='bbox 1315 377 1430 432; x_wconf 85' lang='grc' dir='ltr'><em>γε’νυν</em></span> <span class='ocrx_word' id='word_1_35' title='bbox 1455 378 1708 432; x_wconf 81' lang='grc' dir='ltr'><em>ἐπιχνοάζων,</em></span> 
     </span>
     <span class='ocr_line' id='line_1_5' title="bbox 277 441 1713 500; baseline 0.003 -16"><span class='ocrx_word' id='word_1_36' title='bbox 277 442 471 500; x_wconf 85' lang='grc' dir='ltr'><em>πελώριός</em></span> <span class='ocrx_word' id='word_1_37' title='bbox 495 460 538 485; x_wconf 83' lang='grc' dir='ltr'><em>τε</em></span> <span class='ocrx_word' id='word_1_38' title='bbox 565 443 751 500; x_wconf 79' lang='grc' dir='ltr'><em>πεφυκώς</em></span> <span class='ocrx_word' id='word_1_39' title='bbox 776 447 835 500; x_wconf 76' lang='grc' dir='ltr'><em>τῷ</em></span> <span class='ocrx_word' id='word_1_40' title='bbox 864 441 1020 496; x_wconf 83' lang='grc' dir='ltr'><em>σώματι</em></span> <span class='ocrx_word' id='word_1_41' title='bbox 1029 475 1042 495; x_wconf 92' lang='grc'><em>,</em></span> <span class='ocrx_word' id='word_1_42' title='bbox 1089 446 1155 485; x_wconf 87' lang='grc' dir='ltr'><em>καὶ</em></span> <span class='ocrx_word' id='word_1_43' title='bbox 1183 444 1257 499; x_wconf 86' lang='grc' dir='ltr'><em>τὴν</em></span> <span class='ocrx_word' id='word_1_44' title='bbox 1284 444 1399 498; x_wconf 79' lang='grc' dir='ltr'><em>ι’σχῦν</em></span> <span class='ocrx_word' id='word_1_45' title='bbox 1426 446 1713 499; x_wconf 81' lang='grc' dir='ltr'><em>δυσεκβίαστος</em></span> 
     </span>
    </p>

    <p class='ocr_par' dir='ltr' id='par_1_3' title="bbox 60 509 1744 769">
     <span class='ocr_line' id='line_1_6' title="bbox 274 509 1744 568; baseline 0.003 -16"><span class='ocrx_word' id='word_1_46' title='bbox 274 513 340 552; x_wconf 84' lang='grc' dir='ltr'><em>καὶ</em></span> <span class='ocrx_word' id='word_1_47' title='bbox 361 509 700 566; x_wconf 83' lang='grc' dir='ltr'><em>ἄκαταγώνιστος,</em></span> <span class='ocrx_word' id='word_1_48' title='bbox 738 510 785 552; x_wconf 82' lang='grc' dir='ltr'><em>τὸ</em></span> <span class='ocrx_word' id='word_1_49' title='bbox 816 511 932 567; x_wconf 77' lang='grc' dir='ltr'><em>ξίφος</em></span> <span class='ocrx_word' id='word_1_50' title='bbox 951 509 1207 564; x_wconf 86' lang='grc' dir='ltr'><em>σπασάμενος</em></span> <span class='ocrx_word' id='word_1_51' title='bbox 1229 512 1328 554; x_wconf 68' lang='grc' dir='ltr'><em>ἵεται</em></span> <span class='ocrx_word' id='word_1_52' title='bbox 1350 511 1422 554; x_wconf 81' lang='grc' dir='ltr'><em>τὸν</em></span> <span class='ocrx_word' id='word_1_53' title='bbox 1443 511 1613 568; x_wconf 80' lang='grc' dir='ltr'><em>Σκύθην</em></span> <span class='ocrx_word' id='word_1_54' title='bbox 1630 519 1744 567; x_wconf 61' lang='grc' dir='ltr'><em>[θα-5</em></span> 
     </span>
     <span class='ocr_line' id='line_1_7' title="bbox 60 577 1708 635; baseline 0.003 -18"><span class='ocrx_word' id='word_1_55' title='bbox 60 584 207 620; x_wconf 79' lang='lat' dir='ltr'>F01.302</span> <span class='ocrx_word' id='word_1_56' title='bbox 231 582 353 621; x_wconf 63' lang='grc' dir='ltr'><em>ικλεῖν</em></span> <span class='ocrx_word' id='word_1_57' title='bbox 367 593 377 602; x_wconf 88' lang='grc'><em>·</em></span> <span class='ocrx_word' id='word_1_58' title='bbox 416 577 436 620; x_wconf 81' lang='grc' dir='ltr'>ὅ</span> <span class='ocrx_word' id='word_1_59' title='bbox 457 579 522 630; x_wconf 82' lang='grc' dir='ltr'><em>δέ,</em></span> <span class='ocrx_word' id='word_1_60' title='bbox 561 578 634 632; x_wconf 81' lang='grc' dir='ltr'><em>τὴν</em></span> <span class='ocrx_word' id='word_1_61' title='bbox 655 578 788 634; x_wconf 82' lang='grc' dir='ltr'><em>φορὰν</em></span> <span class='ocrx_word' id='word_1_62' title='bbox 807 578 932 620; x_wconf 75' lang='grc' dir='ltr'><em>αὐτοῦ</em></span> <span class='ocrx_word' id='word_1_63' title='bbox 950 577 1227 632; x_wconf 70' lang='grc' dir='ltr'><em>ὑπειδόμενος,</em></span> <span class='ocrx_word' id='word_1_64' title='bbox 1265 580 1428 621; x_wconf 72' lang='grc' dir='ltr'><strong><em>ἐκκλίνει</em></strong></span> <span class='ocrx_word' id='word_1_65' title='bbox 1447 580 1521 635; x_wconf 85' lang='grc' dir='ltr'><em>τὴν</em></span> <span class='ocrx_word' id='word_1_66' title='bbox 1541 581 1708 635; x_wconf 82' lang='grc' dir='ltr'><em>πληγὴν,</em></span> 
     </span>
     <span class='ocr_line' id='line_1_8' title="bbox 273 643 1712 704; baseline 0.001 -16"><span class='ocrx_word' id='word_1_67' title='bbox 273 645 368 688; x_wconf 70' lang='grc' dir='ltr'><em>κατ’</em></span> <span class='ocrx_word' id='word_1_68' title='bbox 398 647 526 699; x_wconf 76' lang='grc' dir='ltr'><em>ἰσχίον</em></span> <span class='ocrx_word' id='word_1_69' title='bbox 552 643 752 694; x_wconf 76' lang='grc' dir='ltr'><em>ὗπτιάσας</em></span> <span class='ocrx_word' id='word_1_70' title='bbox 780 650 853 688; x_wconf 77' lang='grc' dir='ltr'><em>τοῦ</em></span> <span class='ocrx_word' id='word_1_71' title='bbox 876 647 1015 688; x_wconf 73' lang='grc' dir='ltr'><em>ἵππου.</em></span> <span class='ocrx_word' id='word_1_72' title='bbox 1070 647 1223 700; x_wconf 78' lang='grc' dir='ltr'><em>δέχεται</em></span> <span class='ocrx_word' id='word_1_73' title='bbox 1254 647 1298 688; x_wconf 81' lang='grc' dir='ltr'><em>δὲ</em></span> <span class='ocrx_word' id='word_1_74' title='bbox 1325 645 1477 701; x_wconf 79' lang='grc' dir='ltr'><em>ταύτην</em></span> <span class='ocrx_word' id='word_1_75' title='bbox 1502 648 1613 704; x_wconf 80' lang='grc' dir='ltr'><em>παρὰ</em></span> <span class='ocrx_word' id='word_1_76' title='bbox 1640 648 1712 690; x_wconf 81' lang='grc' dir='ltr'><em>τὸν</em></span> 
     </span>
     <span class='ocr_line' id='line_1_9' title="bbox 276 711 1712 769; baseline 0.001 -15"><span class='ocrx_word' id='word_1_77' title='bbox 276 713 423 766; x_wconf 76' lang='grc' dir='ltr'><em>αὐχένα</em></span> <span class='ocrx_word' id='word_1_78' title='bbox 446 711 467 754; x_wconf 75' lang='grc' dir='ltr'><em>ὃ</em></span> <span class='ocrx_word' id='word_1_79' title='bbox 484 714 627 765; x_wconf 74' lang='grc' dir='ltr'><em>ἵππος,</em></span> <span class='ocrx_word' id='word_1_80' title='bbox 668 712 713 755; x_wconf 82' lang='grc' dir='ltr'><em>ὃν</em></span> <span class='ocrx_word' id='word_1_81' title='bbox 737 714 949 769; x_wconf 77' lang='grc' dir='ltr'><em>διαμπερὲς</em></span> <span class='ocrx_word' id='word_1_82' title='bbox 972 713 1257 767; x_wconf 78' lang='grc' dir='ltr'><em>ἀποτέμνεται·</em></span> <span class='ocrx_word' id='word_1_83' title='bbox 1294 712 1315 756; x_wconf 80' lang='grc' dir='ltr'>ὅ</span> <span class='ocrx_word' id='word_1_84' title='bbox 1338 715 1381 755; x_wconf 82' lang='grc' dir='ltr'><em>δὲ</em></span> <span class='ocrx_word' id='word_1_85' title='bbox 1397 712 1587 768; x_wconf 81' lang='grc' dir='ltr'><em>Σκύθης,</em></span> <span class='ocrx_word' id='word_1_86' title='bbox 1625 714 1712 768; x_wconf 83' lang='grc' dir='ltr'><em>ἅμα</em></span> 
     </span>
    </p>

    <p class='ocr_par' dir='ltr' id='par_1_4' title="bbox 239 779 1673 838">
     <span class='ocr_line' id='line_1_10' title="bbox 239 779 1673 838; baseline 0.001 -16"><span class='ocrx_word' id='word_1_87' title='bbox 239 785 332 838; x_wconf 52' lang='lat' dir='ltr'><em>Cup</em></span> <span class='ocrx_word' id='word_1_88' title='bbox 353 781 463 838; x_wconf 73' lang='grc' dir='ltr'><em>ἵππῳ</em></span> <span class='ocrx_word' id='word_1_89' title='bbox 481 782 742 834; x_wconf 71' lang='grc' dir='ltr'><em>κατενεχθεὶς,</em></span> <span class='ocrx_word' id='word_1_90' title='bbox 779 781 880 837; x_wconf 83' lang='grc' dir='ltr'><em>πρὸς</em></span> <span class='ocrx_word' id='word_1_91' title='bbox 897 784 969 822; x_wconf 80' lang='grc' dir='ltr'><em>τοῦ</em></span> <span class='ocrx_word' id='word_1_92' title='bbox 988 782 1297 823; x_wconf 86' lang='grc' dir='ltr'><em>Κωνσταντίνου</em></span> <span class='ocrx_word' id='word_1_93' title='bbox 1319 779 1673 837; x_wconf 86' lang='grc' dir='ltr'><em>ἐναποσφάττεται.</em></span> 
     </span>
    </p>

    <p class='ocr_par' dir='ltr' id='par_1_5' title="bbox 267 846 1766 1376">
     <span class='ocr_line' id='line_1_11' title="bbox 375 846 1766 903; baseline 0.002 -15"><span class='ocrx_word' id='word_1_94' title='bbox 375 846 437 902; x_wconf 81' lang='grc' dir='ltr'><em>ιγ’.</em></span> <span class='ocrx_word' id='word_1_95' title='bbox 478 852 564 901; x_wconf 89' lang='grc' dir='ltr'><em>Τῆς</em></span> <span class='ocrx_word' id='word_1_96' title='bbox 583 849 626 889; x_wconf 79' lang='grc' dir='ltr'><em>δὲ</em></span> <span class='ocrx_word' id='word_1_97' title='bbox 644 846 777 902; x_wconf 81' lang='grc' dir='ltr'><em>μάχης</em></span> <span class='ocrx_word' id='word_1_98' title='bbox 795 850 888 903; x_wconf 77' lang='grc' dir='ltr'><em>τῇδε</em></span> <span class='ocrx_word' id='word_1_99' title='bbox 908 847 1060 890; x_wconf 76' lang='grc' dir='ltr'><em>κάκεῖσε</em></span> <span class='ocrx_word' id='word_1_100' title='bbox 1078 848 1432 902; x_wconf 80' lang='grc' dir='ltr'><em>μετακλινομένης,</em></span> <span class='ocrx_word' id='word_1_101' title='bbox 1469 850 1536 890; x_wconf 82' lang='grc' dir='ltr'><em>καὶ</em></span> <span class='ocrx_word' id='word_1_102' title='bbox 1561 848 1710 902; x_wconf 80' lang='grc' dir='ltr'><em>συχνὰς</em></span> <span class='ocrx_word' id='word_1_103' title='bbox 1722 855 1766 891; x_wconf 87' lang='grc'><em>10</em></span> 
     </span>
     <span class='ocr_line' id='line_1_12' title="bbox 277 910 1711 972; baseline 0.001 -17"><span class='ocrx_word' id='word_1_104' title='bbox 277 917 342 956; x_wconf 83' lang='grc' dir='ltr'><em>καὶ</em></span> <span class='ocrx_word' id='word_1_105' title='bbox 362 913 689 971; x_wconf 80' lang='grc' dir='ltr'><em>ἆμφιταλάντους</em></span> <span class='ocrx_word' id='word_1_106' title='bbox 708 914 1041 970; x_wconf 73' lang='grc' dir='ltr'><em>μεταβαλλούσης</em></span> <span class='ocrx_word' id='word_1_107' title='bbox 1064 915 1192 972; x_wconf 76' lang='grc' dir='ltr'><em>ῥοπὰς</em></span> <span class='ocrx_word' id='word_1_108' title='bbox 1212 910 1272 971; x_wconf 69' lang='grc' dir='ltr'><em>ἐφ’</em></span> <span class='ocrx_word' id='word_1_109' title='bbox 1295 914 1461 971; x_wconf 71' lang='grc' dir='ltr'><em>ἑκάτερα</em></span> <span class='ocrx_word' id='word_1_110' title='bbox 1469 947 1483 967; x_wconf 93' lang='grc'><em>,</em></span> <span class='ocrx_word' id='word_1_111' title='bbox 1520 915 1568 956; x_wconf 83' lang='grc' dir='ltr'><em>τὸ</em></span> <span class='ocrx_word' id='word_1_112' title='bbox 1592 914 1711 957; x_wconf 82' lang='grc' dir='ltr'><em>ἐνυά-</em></span> 
     </span>
     <span class='ocr_line' id='line_1_13' title="bbox 276 981 1711 1038; baseline 0 -15"><span class='ocrx_word' id='word_1_113' title='bbox 276 981 400 1024; x_wconf 81' lang='grc' dir='ltr'><em>λιονὸ</em></span> <span class='ocrx_word' id='word_1_114' title='bbox 423 981 591 1038; x_wconf 88' lang='grc' dir='ltr'><em>Βάρδας</em></span> <span class='ocrx_word' id='word_1_115' title='bbox 611 983 759 1036; x_wconf 87' lang='grc' dir='ltr'><em>ἐνηχεῖν</em></span> <span class='ocrx_word' id='word_1_116' title='bbox 779 981 1037 1038; x_wconf 80' lang='grc' dir='ltr'><em>ἐγκελεύεται,</em></span> <span class='ocrx_word' id='word_1_117' title='bbox 1075 982 1128 1024; x_wconf 86' lang='grc' dir='ltr'><em>τά</em></span> <span class='ocrx_word' id='word_1_118' title='bbox 1160 1000 1201 1025; x_wconf 88' lang='grc' dir='ltr'><em>τε</em></span> <span class='ocrx_word' id='word_1_119' title='bbox 1225 981 1413 1036; x_wconf 78' lang='grc' dir='ltr'><em>τύμπανα</em></span> <span class='ocrx_word' id='word_1_120' title='bbox 1443 982 1602 1036; x_wconf 75' lang='grc' dir='ltr'><em>θαμινὰ</em></span> <span class='ocrx_word' id='word_1_121' title='bbox 1629 1000 1711 1024; x_wconf 87' lang='grc' dir='ltr'><em>πα-</em></span> 
     </span>
     <span class='ocr_line' id='line_1_14' title="bbox 275 1048 1709 1106; baseline 0 -15"><span class='ocrx_word' id='word_1_122' title='bbox 275 1056 428 1104; x_wconf 79' lang='grc' dir='ltr'><em>ταγεῖν·</em></span> <span class='ocrx_word' id='word_1_123' title='bbox 466 1054 539 1103; x_wconf 86' lang='grc' dir='ltr'><em>τῆς</em></span> <span class='ocrx_word' id='word_1_124' title='bbox 576 1051 619 1091; x_wconf 83' lang='grc' dir='ltr'><em>δὲ</em></span> <span class='ocrx_word' id='word_1_125' title='bbox 650 1049 856 1106; x_wconf 72' lang='grc' dir='ltr'><em>φάλαγγος</em></span> <span class='ocrx_word' id='word_1_126' title='bbox 885 1051 927 1091; x_wconf 85' lang='grc' dir='ltr'><em>ἐκ</em></span> <span class='ocrx_word' id='word_1_127' title='bbox 954 1055 1035 1092; x_wconf 86' lang='grc' dir='ltr'><em>τῶν</em></span> <span class='ocrx_word' id='word_1_128' title='bbox 1072 1049 1201 1103; x_wconf 89' lang='grc' dir='ltr'><em>λόχων</em></span> <span class='ocrx_word' id='word_1_129' title='bbox 1230 1048 1503 1104; x_wconf 75' lang='grc' dir='ltr'><em>ἐξαναστάσης</em></span> <span class='ocrx_word' id='word_1_130' title='bbox 1528 1049 1632 1091; x_wconf 80' lang='grc' dir='ltr'><em>κατὰ</em></span> <span class='ocrx_word' id='word_1_131' title='bbox 1660 1050 1709 1092; x_wconf 84' lang='grc' dir='ltr'><em>τὸ</em></span> 
     </span>
     <span class='ocr_line' id='line_1_15' title="bbox 275 1116 1708 1173; baseline 0 -15"><span class='ocrx_word' id='word_1_132' title='bbox 275 1116 490 1171; x_wconf 80' lang='grc' dir='ltr'><em>σύνθημα,</em></span> <span class='ocrx_word' id='word_1_133' title='bbox 529 1119 595 1158; x_wconf 83' lang='grc' dir='ltr'><em>καὶ</em></span> <span class='ocrx_word' id='word_1_134' title='bbox 616 1117 719 1159; x_wconf 78' lang='grc' dir='ltr'><em>κατὰ</em></span> <span class='ocrx_word' id='word_1_135' title='bbox 739 1116 868 1159; x_wconf 85' lang='grc' dir='ltr'><em>νώτου</em></span> <span class='ocrx_word' id='word_1_136' title='bbox 889 1122 969 1159; x_wconf 87' lang='grc' dir='ltr'><em>τῶν</em></span> <span class='ocrx_word' id='word_1_137' title='bbox 987 1122 1164 1160; x_wconf 85' lang='grc' dir='ltr'><em>Σκυθῶν</em></span> <span class='ocrx_word' id='word_1_138' title='bbox 1184 1118 1417 1173; x_wconf 70' lang='grc' dir='ltr'><em>γενομένης,</em></span> <span class='ocrx_word' id='word_1_139' title='bbox 1457 1118 1546 1165; x_wconf 78' lang='grc' dir='ltr'><em>δέος</em></span> <span class='ocrx_word' id='word_1_140' title='bbox 1566 1134 1608 1159; x_wconf 89' lang='grc' dir='ltr'><em>τε</em></span> <span class='ocrx_word' id='word_1_141' title='bbox 1633 1117 1708 1158; x_wconf 78' lang='grc' dir='ltr'><em>αὗ-</em></span> 
     </span>
     <span class='ocr_line' id='line_1_16' title="bbox 273 1183 1763 1241; baseline 0.001 -17"><span class='ocrx_word' id='word_1_142' title='bbox 273 1191 359 1232; x_wconf 83' lang='grc' dir='ltr'><em>τοῖς</em></span> <span class='ocrx_word' id='word_1_143' title='bbox 379 1183 497 1240; x_wconf 73' lang='grc' dir='ltr'><em>εἰσῄει</em></span> <span class='ocrx_word' id='word_1_144' title='bbox 526 1186 591 1225; x_wconf 82' lang='grc' dir='ltr'><em>καὶ</em></span> <span class='ocrx_word' id='word_1_145' title='bbox 609 1185 711 1240; x_wconf 83' lang='grc' dir='ltr'><em>πρὸς</em></span> <span class='ocrx_word' id='word_1_146' title='bbox 732 1186 951 1241; x_wconf 85' lang='grc' dir='ltr'><em>φυγαδείαν</em></span> <span class='ocrx_word' id='word_1_147' title='bbox 980 1185 1202 1228; x_wconf 75' lang='grc' dir='ltr'><em>ἀπέκλιναν.</em></span> <span class='ocrx_word' id='word_1_148' title='bbox 1247 1183 1369 1239; x_wconf 80' lang='grc' dir='ltr'><em>μήπω</em></span> <span class='ocrx_word' id='word_1_149' title='bbox 1391 1185 1435 1226; x_wconf 79' lang='grc' dir='ltr'><em>δὲ</em></span> <span class='ocrx_word' id='word_1_150' title='bbox 1454 1184 1709 1239; x_wconf 78' lang='grc' dir='ltr'><em>γεγενημένης</em></span> <span class='ocrx_word' id='word_1_151' title='bbox 1720 1194 1763 1230; x_wconf 85' lang='grc'><em>15</em></span> 
     </span>
     <span class='ocr_line' id='line_1_17' title="bbox 271 1250 1708 1308; baseline 0.001 -17"><span class='ocrx_word' id='word_1_152' title='bbox 271 1255 460 1306; x_wconf 80' lang='grc' dir='ltr'><em>λαμπρᾶς</em></span> <span class='ocrx_word' id='word_1_153' title='bbox 481 1256 554 1305; x_wconf 85' lang='grc' dir='ltr'><em>τῆς</em></span> <span class='ocrx_word' id='word_1_154' title='bbox 573 1250 766 1304; x_wconf 78' lang='grc' dir='ltr'><em>διώξεως,</em></span> <span class='ocrx_word' id='word_1_155' title='bbox 805 1257 886 1294; x_wconf 85' lang='grc' dir='ltr'><em>τῶν</em></span> <span class='ocrx_word' id='word_1_156' title='bbox 908 1253 1110 1308; x_wconf 77' lang='grc' dir='ltr'><em>ἐπιφανῶν</em></span> <span class='ocrx_word' id='word_1_157' title='bbox 1132 1269 1192 1301; x_wconf 87' lang='grc' dir='ltr'><em>τις</em></span> <span class='ocrx_word' id='word_1_158' title='bbox 1214 1256 1411 1303; x_wconf 84' lang='grc' dir='ltr'><em>Σκυθῶν,</em></span> <span class='ocrx_word' id='word_1_159' title='bbox 1447 1251 1606 1305; x_wconf 72' lang='grc' dir='ltr'><em>μεγέθει</em></span> <span class='ocrx_word' id='word_1_160' title='bbox 1624 1250 1708 1293; x_wconf 85' lang='grc' dir='ltr'><em>σώ-</em></span> 
     </span>
     <span class='ocr_line' id='line_1_18' title="bbox 267 1317 1703 1376; baseline 0 -17"><span class='ocrx_word' id='word_1_161' title='bbox 267 1335 397 1371; x_wconf 87' lang='grc' dir='ltr'><em>ματος</em></span> <span class='ocrx_word' id='word_1_162' title='bbox 428 1320 494 1359; x_wconf 84' lang='grc' dir='ltr'><em>καὶ</em></span> <span class='ocrx_word' id='word_1_163' title='bbox 527 1317 660 1360; x_wconf 77' lang='grc' dir='ltr'><em>ὅπλων</em></span> <span class='ocrx_word' id='word_1_164' title='bbox 692 1317 945 1375; x_wconf 79' lang='grc' dir='ltr'><em>λαμπρότητι</em></span> <span class='ocrx_word' id='word_1_165' title='bbox 972 1319 1158 1376; x_wconf 78' lang='grc' dir='ltr'><em>πεφυκώς</em></span> <span class='ocrx_word' id='word_1_166' title='bbox 1187 1324 1269 1362; x_wconf 88' lang='grc' dir='ltr'><em>τῶν</em></span> <span class='ocrx_word' id='word_1_167' title='bbox 1310 1318 1442 1360; x_wconf 74' lang='grc' dir='ltr'><em>ἄλλων</em></span> <span class='ocrx_word' id='word_1_168' title='bbox 1471 1318 1703 1374; x_wconf 80' lang='grc' dir='ltr'><em>ἀριπρεπὴς,</em></span> 
     </span>
    </p>

    <p class='ocr_par' dir='ltr' id='par_1_6' title="bbox 229 1384 1761 2300">
     <span class='ocr_line' id='line_1_19' title="bbox 229 1384 1707 1443; baseline 0 -15"><span class='ocrx_word' id='word_1_169' title='bbox 229 1386 372 1429; x_wconf 82' lang='grc' dir='ltr'><em>Βκατὰ</em></span> <span class='ocrx_word' id='word_1_170' title='bbox 398 1386 444 1427; x_wconf 83' lang='grc' dir='ltr'><em>τὸ</em></span> <span class='ocrx_word' id='word_1_171' title='bbox 474 1388 708 1440; x_wconf 86' lang='grc' dir='ltr'><em>μεταίχμιον</em></span> <span class='ocrx_word' id='word_1_172' title='bbox 734 1385 903 1443; x_wconf 76' lang='grc' dir='ltr'><em>περιῄει,</em></span> <span class='ocrx_word' id='word_1_173' title='bbox 943 1386 999 1427; x_wconf 73' lang='grc' dir='ltr'><em>ἐπ’</em></span> <span class='ocrx_word' id='word_1_174' title='bbox 1025 1386 1148 1440; x_wconf 78' lang='grc' dir='ltr'><em>ἀλκὴν</em></span> <span class='ocrx_word' id='word_1_175' title='bbox 1175 1387 1272 1435; x_wconf 76' lang='grc' dir='ltr'><em>τοὺς</em></span> <span class='ocrx_word' id='word_1_176' title='bbox 1298 1384 1483 1441; x_wconf 72' lang='grc' dir='ltr'><em>ἑταίρους</em></span> <span class='ocrx_word' id='word_1_177' title='bbox 1512 1385 1707 1443; x_wconf 77' lang='grc' dir='ltr'><em>ἐπιρῥων-</em></span> 
     </span>
     <span class='ocr_line' id='line_1_20' title="bbox 267 1451 1707 1510; baseline -0.001 -15"><span class='ocrx_word' id='word_1_178' title='bbox 267 1451 350 1502; x_wconf 78' lang='grc' dir='ltr'><em>νύς.</em></span> <span class='ocrx_word' id='word_1_179' title='bbox 408 1457 554 1495; x_wconf 79' lang='grc' dir='ltr'><em>τοῦτον</em></span> <span class='ocrx_word' id='word_1_180' title='bbox 581 1452 751 1509; x_wconf 88' lang='grc' dir='ltr'><em>Βάρδας</em></span> <span class='ocrx_word' id='word_1_181' title='bbox 785 1452 806 1495; x_wconf 78' lang='grc' dir='ltr'>ὁ</span> <span class='ocrx_word' id='word_1_182' title='bbox 830 1454 1013 1510; x_wconf 82' lang='grc' dir='ltr'><em>Σκληρὸς</em></span> <span class='ocrx_word' id='word_1_183' title='bbox 1041 1453 1356 1508; x_wconf 72' lang='grc' dir='ltr'><em>ἐξιππασάμενος</em></span> <span class='ocrx_word' id='word_1_184' title='bbox 1384 1454 1488 1494; x_wconf 82' lang='grc' dir='ltr'><em>παίει</em></span> <span class='ocrx_word' id='word_1_185' title='bbox 1509 1452 1612 1494; x_wconf 76' lang='grc' dir='ltr'><em>κατὰ</em></span> <span class='ocrx_word' id='word_1_186' title='bbox 1633 1457 1707 1507; x_wconf 86' lang='grc' dir='ltr'><em>τῆς</em></span> 
     </span>
     <span class='ocr_line' id='line_1_21' title="bbox 268 1518 1761 1577; baseline 0.003 -16"><span class='ocrx_word' id='word_1_187' title='bbox 268 1524 464 1576; x_wconf 78' lang='grc' dir='ltr'><em>κεφαλῆς,</em></span> <span class='ocrx_word' id='word_1_188' title='bbox 502 1522 570 1561; x_wconf 86' lang='grc' dir='ltr'><em>καὶ</em></span> <span class='ocrx_word' id='word_1_189' title='bbox 600 1521 716 1576; x_wconf 78' lang='grc' dir='ltr'><em>μέχρι</em></span> <span class='ocrx_word' id='word_1_190' title='bbox 743 1525 815 1562; x_wconf 76' lang='grc' dir='ltr'><em>τοῦ</em></span> <span class='ocrx_word' id='word_1_191' title='bbox 847 1523 1049 1577; x_wconf 79' lang='grc' dir='ltr'><em>ζωστῆρος</em></span> <span class='ocrx_word' id='word_1_192' title='bbox 1076 1521 1122 1563; x_wconf 84' lang='grc' dir='ltr'><em>τὸ</em></span> <span class='ocrx_word' id='word_1_193' title='bbox 1144 1523 1258 1577; x_wconf 78' lang='grc' dir='ltr'><em>ξίφος</em></span> <span class='ocrx_word' id='word_1_194' title='bbox 1279 1518 1464 1575; x_wconf 86' lang='grc' dir='ltr'><em>διήλασε,</em></span> <span class='ocrx_word' id='word_1_195' title='bbox 1501 1518 1602 1574; x_wconf 85' lang='grc' dir='ltr'><em>μήτε</em></span> <span class='ocrx_word' id='word_1_196' title='bbox 1627 1524 1761 1565; x_wconf 73' lang='grc' dir='ltr'><em>τοῦΞο</em></span> 
     </span>
     <span class='ocr_line' id='line_1_22' title="bbox 267 1585 1706 1645; baseline 0 -17"><span class='ocrx_word' id='word_1_197' title='bbox 267 1585 440 1643; x_wconf 81' lang='grc' dir='ltr'><em>κράνους</em></span> <span class='ocrx_word' id='word_1_198' title='bbox 474 1587 583 1644; x_wconf 77' lang='grc' dir='ltr'><em>αὐτῷ</em></span> <span class='ocrx_word' id='word_1_199' title='bbox 620 1588 925 1643; x_wconf 74' lang='grc' dir='ltr'><em>ἐπαρκέσαντος,</em></span> <span class='ocrx_word' id='word_1_200' title='bbox 947 1587 1056 1642; x_wconf 79' lang='grc' dir='ltr'><em>,μήτε</em></span> <span class='ocrx_word' id='word_1_201' title='bbox 1090 1593 1162 1630; x_wconf 83' lang='grc' dir='ltr'><em>τοῦ</em></span> <span class='ocrx_word' id='word_1_202' title='bbox 1196 1587 1390 1645; x_wconf 85' lang='grc' dir='ltr'><em>θώρακος</em></span> <span class='ocrx_word' id='word_1_203' title='bbox 1417 1586 1492 1641; x_wconf 79' lang='grc' dir='ltr'><em>τὴν</em></span> <span class='ocrx_word' id='word_1_204' title='bbox 1523 1591 1598 1641; x_wconf 86' lang='grc' dir='ltr'><em>τῆς</em></span> <span class='ocrx_word' id='word_1_205' title='bbox 1623 1603 1706 1640; x_wconf 86' lang='grc' dir='ltr'><em>χει-</em></span> 
     </span>
     <span class='ocr_line' id='line_1_23' title="bbox 266 1652 1704 1712; baseline 0.001 -17"><span class='ocrx_word' id='word_1_206' title='bbox 266 1655 337 1711; x_wconf 85' lang='grc' dir='ltr'><em>ρὸς</em></span> <span class='ocrx_word' id='word_1_207' title='bbox 367 1652 597 1708; x_wconf 85' lang='grc' dir='ltr'><em>ἐπισχόντος</em></span> <span class='ocrx_word' id='word_1_208' title='bbox 626 1655 759 1709; x_wconf 80' lang='grc' dir='ltr'><em>ῗσχύν,</em></span> <span class='ocrx_word' id='word_1_209' title='bbox 797 1655 822 1710; x_wconf 80' lang='grc' dir='ltr'>ἢ</span> <span class='ocrx_word' id='word_1_210' title='bbox 852 1655 925 1710; x_wconf 79' lang='grc' dir='ltr'><em>τὴν</em></span> <span class='ocrx_word' id='word_1_211' title='bbox 949 1660 1021 1697; x_wconf 82' lang='grc' dir='ltr'><em>τοῦ</em></span> <span class='ocrx_word' id='word_1_212' title='bbox 1051 1656 1191 1712; x_wconf 80' lang='grc' dir='ltr'><em>ξίφους</em></span> <span class='ocrx_word' id='word_1_213' title='bbox 1213 1655 1354 1711; x_wconf 82' lang='grc' dir='ltr'><em>τομήν.</em></span> <span class='ocrx_word' id='word_1_214' title='bbox 1413 1656 1503 1709; x_wconf 89' lang='grc' dir='ltr'><em>διχῆ</em></span> <span class='ocrx_word' id='word_1_215' title='bbox 1534 1655 1579 1696; x_wconf 76' lang='grc' dir='ltr'><em>δὲ</em></span> <span class='ocrx_word' id='word_1_216' title='bbox 1606 1652 1704 1696; x_wconf 79' lang='grc' dir='ltr'><em>τού-</em></span> 
     </span>
     <span class='ocr_line' id='line_1_24' title="bbox 266 1720 1702 1780; baseline 0.001 -18"><span class='ocrx_word' id='word_1_217' title='bbox 266 1739 340 1763; x_wconf 84' lang='grc' dir='ltr'><em>του</em></span> <span class='ocrx_word' id='word_1_218' title='bbox 381 1722 675 1776; x_wconf 78' lang='grc' dir='ltr'><em>διατμηθέντος</em></span> <span class='ocrx_word' id='word_1_219' title='bbox 712 1725 779 1764; x_wconf 82' lang='grc' dir='ltr'><em>καὶ</em></span> <span class='ocrx_word' id='word_1_220' title='bbox 810 1723 1169 1779; x_wconf 81' lang='grc' dir='ltr'><em>προσαραχθέντος</em></span> <span class='ocrx_word' id='word_1_221' title='bbox 1205 1728 1256 1780; x_wconf 84' lang='grc' dir='ltr'><em>τῇ</em></span> <span class='ocrx_word' id='word_1_222' title='bbox 1293 1727 1369 1780; x_wconf 84' lang='grc' dir='ltr'><em>γῇ,</em></span> <span class='ocrx_word' id='word_1_223' title='bbox 1413 1720 1601 1774; x_wconf 77' lang='grc' dir='ltr'><em>Ῥωμαῖοι</em></span> <span class='ocrx_word' id='word_1_224' title='bbox 1629 1722 1702 1774; x_wconf 81' lang='grc' dir='ltr'><em>μέν</em></span> 
     </span>
     <span class='ocr_line' id='line_1_25' title="bbox 266 1786 1703 1848; baseline -0.001 -18"><span class='ocrx_word' id='word_1_225' title='bbox 266 1787 334 1844; x_wconf 72' lang='grc' dir='ltr'><em>’ὕφ’</em></span> <span class='ocrx_word' id='word_1_226' title='bbox 364 1787 512 1844; x_wconf 76' lang='grc' dir='ltr'><em>ῆδονῆς</em></span> <span class='ocrx_word' id='word_1_227' title='bbox 544 1788 818 1843; x_wconf 77' lang='grc' dir='ltr'><em>ἐπηλάλαξαν,</em></span> <span class='ocrx_word' id='word_1_228' title='bbox 856 1793 922 1831; x_wconf 85' lang='grc' dir='ltr'><em>καὶ</em></span> <span class='ocrx_word' id='word_1_229' title='bbox 943 1791 1043 1847; x_wconf 83' lang='grc' dir='ltr'><em>πρὸς</em></span> <span class='ocrx_word' id='word_1_230' title='bbox 1069 1790 1192 1844; x_wconf 77' lang='grc' dir='ltr'><em>ἀλκὴν</em></span> <span class='ocrx_word' id='word_1_231' title='bbox 1220 1788 1558 1848; x_wconf 68' lang='grc' dir='ltr'><em>ἐπερρώσθησαν·</em></span> <span class='ocrx_word' id='word_1_232' title='bbox 1593 1786 1703 1831; x_wconf 79' lang='grc' dir='ltr'><em>Σκύ-</em></span> 
     </span>
     <span class='ocr_line' id='line_1_26' title="bbox 267 1853 1756 1915; baseline -0.001 -18"><span class='ocrx_word' id='word_1_233' title='bbox 267 1860 344 1897; x_wconf 79' lang='grc' dir='ltr'><em>θαι</em></span> <span class='ocrx_word' id='word_1_234' title='bbox 374 1857 440 1907; x_wconf 78' lang='grc' dir='ltr'><em>δὲ,</em></span> <span class='ocrx_word' id='word_1_235' title='bbox 477 1860 535 1912; x_wconf 77' lang='grc' dir='ltr'><em>τῷ</em></span> <span class='ocrx_word' id='word_1_236' title='bbox 565 1861 686 1914; x_wconf 77' lang='grc' dir='ltr'><em>καινῷ</em></span> <span class='ocrx_word' id='word_1_237' title='bbox 717 1860 782 1898; x_wconf 84' lang='grc' dir='ltr'><em>καὶ</em></span> <span class='ocrx_word' id='word_1_238' title='bbox 811 1857 1015 1915; x_wconf 76' lang='grc' dir='ltr'><em>ἀλλοκότῳ</em></span> <span class='ocrx_word' id='word_1_239' title='bbox 1047 1863 1120 1912; x_wconf 87' lang='grc' dir='ltr'><em>τῆς</em></span> <span class='ocrx_word' id='word_1_240' title='bbox 1147 1861 1300 1913; x_wconf 77' lang='grc' dir='ltr'><em>πληγῆς</em></span> <span class='ocrx_word' id='word_1_241' title='bbox 1337 1853 1756 1907; x_wconf 59' lang='grc' dir='ltr'><em>ἀποδειλιάσαντες,95</em></span> 
     </span>
     <span class='ocr_line' id='line_1_27' title="bbox 267 1921 1701 1981; baseline 0 -17"><span class='ocrx_word' id='word_1_242' title='bbox 267 1923 342 1964; x_wconf 71' lang='grc' dir='ltr'><em>σὺν</em></span> <span class='ocrx_word' id='word_1_243' title='bbox 371 1924 522 1978; x_wconf 80' lang='grc' dir='ltr'><em>οἰμωγῇ</em></span> <span class='ocrx_word' id='word_1_244' title='bbox 552 1923 621 1964; x_wconf 84' lang='grc' dir='ltr'><em>τὸν</em></span> <span class='ocrx_word' id='word_1_245' title='bbox 650 1925 926 1978; x_wconf 82' lang='grc' dir='ltr'><em>συνασπισμὸν</em></span> <span class='ocrx_word' id='word_1_246' title='bbox 947 1923 1226 1977; x_wconf 74' lang='grc' dir='ltr'><em>διαλύσαντες,</em></span> <span class='ocrx_word' id='word_1_247' title='bbox 1265 1927 1318 1974; x_wconf 80' lang='grc' dir='ltr'><em>εἷς</em></span> <span class='ocrx_word' id='word_1_248' title='bbox 1343 1924 1562 1981; x_wconf 85' lang='grc' dir='ltr'><em>φυγαδειάν</em></span> <span class='ocrx_word' id='word_1_249' title='bbox 1582 1921 1701 1978; x_wconf 86' lang='grc' dir='ltr'><em>ἐτρά-</em></span> 
     </span>
     <span class='ocr_line' id='line_1_28' title="bbox 266 2029 1701 2075; baseline 0.001 -15"><span class='ocrx_word' id='word_1_250' title='bbox 266 2031 396 2067; x_wconf 86' lang='lat' dir='ltr'><strong>retusa,</strong></span> <span class='ocrx_word' id='word_1_251' title='bbox 419 2031 454 2061; x_wconf 88' lang='lat' dir='ltr'><em>et</em></span> <span class='ocrx_word' id='word_1_252' title='bbox 470 2029 512 2061; x_wconf 94' lang='lat' dir='ltr'><strong>ob</strong></span> <span class='ocrx_word' id='word_1_253' title='bbox 534 2029 604 2061; x_wconf 84' lang='lat' dir='ltr'><strong>eius</strong></span> <span class='ocrx_word' id='word_1_254' title='bbox 622 2030 775 2064; x_wconf 77' lang='lat' dir='ltr'><strong>duritiem</strong></span> <span class='ocrx_word' id='word_1_255' title='bbox 792 2032 858 2065; x_wconf 88' lang='lat' dir='ltr'><strong>alia</strong></span> <span class='ocrx_word' id='word_1_256' title='bbox 876 2035 974 2075; x_wconf 87' lang='lat' dir='ltr'><strong>parte</strong></span> <span class='ocrx_word' id='word_1_257' title='bbox 989 2032 1175 2065; x_wconf 78' lang='lat' dir='ltr'><strong>delabente.</strong></span> <span class='ocrx_word' id='word_1_258' title='bbox 1221 2032 1267 2065; x_wconf 89' lang='lat' dir='ltr'><strong>At</strong></span> <span class='ocrx_word' id='word_1_259' title='bbox 1284 2029 1521 2064; x_wconf 81' lang='lat' dir='ltr'><strong>Constantinus</strong></span> <span class='ocrx_word' id='word_1_260' title='bbox 1548 2041 1568 2062; x_wconf 90' lang='lat' dir='ltr'><em>e</em></span> <span class='ocrx_word' id='word_1_261' title='bbox 1590 2029 1701 2073; x_wconf 85' lang='lat' dir='ltr'><strong>patri-</strong></span> 
     </span>
     <span class='ocr_line' id='line_1_29' title="bbox 267 2073 1698 2121; baseline 0.001 -15"><span class='ocrx_word' id='word_1_262' title='bbox 267 2073 392 2106; x_wconf 90' lang='lat' dir='ltr'><strong>ciorum</strong></span> <span class='ocrx_word' id='word_1_263' title='bbox 407 2084 560 2114; x_wconf 81' lang='lat' dir='ltr'><strong>numero,</strong></span> <span class='ocrx_word' id='word_1_264' title='bbox 585 2075 715 2108; x_wconf 85' lang='lat' dir='ltr'><strong>Bardae</strong></span> <span class='ocrx_word' id='word_1_265' title='bbox 734 2077 859 2118; x_wconf 86' lang='lat' dir='ltr'><strong>frater,</strong></span> <span class='ocrx_word' id='word_1_266' title='bbox 883 2077 949 2110; x_wconf 85' lang='lat' dir='ltr'><em>iam</em></span> <span class='ocrx_word' id='word_1_267' title='bbox 969 2077 1075 2121; x_wconf 90' lang='lat' dir='ltr'><strong>prima</strong></span> <span class='ocrx_word' id='word_1_268' title='bbox 1098 2076 1255 2120; x_wconf 85' lang='lat' dir='ltr'><strong>lanugine</strong></span> <span class='ocrx_word' id='word_1_269' title='bbox 1279 2076 1381 2109; x_wconf 80' lang='lat' dir='ltr'><strong>malas</strong></span> <span class='ocrx_word' id='word_1_270' title='bbox 1400 2077 1555 2115; x_wconf 70' lang='lat' dir='ltr'><strong>fuscam,</strong></span> <span class='ocrx_word' id='word_1_271' title='bbox 1578 2075 1698 2118; x_wconf 80' lang='lat' dir='ltr'><strong>grandi</strong></span> 
     </span>
     <span class='ocr_line' id='line_1_30' title="bbox 267 2118 1698 2166; baseline 0.001 -16"><span class='ocrx_word' id='word_1_272' title='bbox 267 2129 410 2161; x_wconf 89' lang='lat' dir='ltr'><strong>corpore</strong></span> <span class='ocrx_word' id='word_1_273' title='bbox 429 2118 640 2159; x_wconf 84' lang='lat' dir='ltr'><strong>adolescens,</strong></span> <span class='ocrx_word' id='word_1_274' title='bbox 667 2121 881 2166; x_wconf 84' lang='lat' dir='ltr'><strong>viribusque,</strong></span> <span class='ocrx_word' id='word_1_275' title='bbox 905 2123 940 2155; x_wconf 85' lang='lat' dir='ltr'><em>vi</em></span> <span class='ocrx_word' id='word_1_276' title='bbox 963 2129 997 2155; x_wconf 86' lang='lat' dir='ltr'><em>et</em></span> <span class='ocrx_word' id='word_1_277' title='bbox 1013 2123 1138 2166; x_wconf 86' lang='lat' dir='ltr'><strong>impetu</strong></span> <span class='ocrx_word' id='word_1_278' title='bbox 1163 2121 1273 2154; x_wconf 82' lang='lat' dir='ltr'><strong>omnia</strong></span> <span class='ocrx_word' id='word_1_279' title='bbox 1301 2121 1459 2161; x_wconf 78' lang='lat' dir='ltr'><strong>vincens,</strong></span> <span class='ocrx_word' id='word_1_280' title='bbox 1483 2120 1601 2153; x_wconf 84' lang='lat' dir='ltr'><strong>stricto</strong></span> <span class='ocrx_word' id='word_1_281' title='bbox 1625 2131 1698 2152; x_wconf 89' lang='lat' dir='ltr'><em>mu-</em></span> 
     </span>
     <span class='ocr_line' id='line_1_31' title="bbox 267 2162 1697 2210; baseline 0.001 -14"><span class='ocrx_word' id='word_1_282' title='bbox 267 2173 367 2196; x_wconf 87' lang='lat' dir='ltr'><strong>crone</strong></span> <span class='ocrx_word' id='word_1_283' title='bbox 392 2162 524 2195; x_wconf 87' lang='lat' dir='ltr'><strong>invadit</strong></span> <span class='ocrx_word' id='word_1_284' title='bbox 542 2164 721 2206; x_wconf 80' lang='lat' dir='ltr'><strong>scytham:</strong></span> <span class='ocrx_word' id='word_1_285' title='bbox 745 2166 791 2206; x_wconf 85' lang='lat' dir='ltr'><em>is,</em></span> <span class='ocrx_word' id='word_1_286' title='bbox 817 2167 905 2200; x_wconf 91' lang='lat' dir='ltr'><strong>illius</strong></span> <span class='ocrx_word' id='word_1_287' title='bbox 930 2166 1061 2210; x_wconf 82' lang='lat' dir='ltr'>plagam</span> <span class='ocrx_word' id='word_1_288' title='bbox 1086 2167 1326 2205; x_wconf 80' lang='lat' dir='ltr'><strong>extimescens,</strong></span> <span class='ocrx_word' id='word_1_289' title='bbox 1351 2176 1492 2210; x_wconf 83' lang='lat' dir='ltr'><strong>corpore</strong></span> <span class='ocrx_word' id='word_1_290' title='bbox 1515 2165 1560 2197; x_wconf 87' lang='lat' dir='ltr'><strong>ad</strong></span> <span class='ocrx_word' id='word_1_291' title='bbox 1583 2165 1697 2197; x_wconf 81' lang='lat' dir='ltr'><strong>clunes</strong></span> 
     </span>
     <span class='ocr_line' id='line_1_32' title="bbox 267 2207 1697 2255; baseline 0.003 -16"><span class='ocrx_word' id='word_1_292' title='bbox 267 2207 343 2250; x_wconf 88' lang='lat' dir='ltr'><strong>equi</strong></span> <span class='ocrx_word' id='word_1_293' title='bbox 358 2207 552 2250; x_wconf 87' lang='lat' dir='ltr'><strong>resupinato</strong></span> <span class='ocrx_word' id='word_1_294' title='bbox 566 2233 576 2248; x_wconf 86' lang='lat'>‚</span> <span class='ocrx_word' id='word_1_295' title='bbox 601 2208 687 2243; x_wconf 86' lang='lat' dir='ltr'><strong>vitat</strong></span> <span class='ocrx_word' id='word_1_296' title='bbox 712 2210 823 2244; x_wconf 88' lang='lat' dir='ltr'><strong>ictum.</strong></span> <span class='ocrx_word' id='word_1_297' title='bbox 870 2212 970 2244; x_wconf 91' lang='lat' dir='ltr'><strong>Hunc</strong></span> <span class='ocrx_word' id='word_1_298' title='bbox 994 2223 1099 2255; x_wconf 84' lang='lat' dir='ltr'><strong>equus</strong></span> <span class='ocrx_word' id='word_1_299' title='bbox 1118 2211 1202 2244; x_wconf 92' lang='lat' dir='ltr'><strong>collo</strong></span> <span class='ocrx_word' id='word_1_300' title='bbox 1226 2210 1367 2254; x_wconf 86' lang='lat' dir='ltr'><strong>accipit,</strong></span> <span class='ocrx_word' id='word_1_301' title='bbox 1399 2210 1487 2255; x_wconf 90' lang='lat' dir='ltr'><strong>quod</strong></span> <span class='ocrx_word' id='word_1_302' title='bbox 1514 2214 1620 2242; x_wconf 89' lang='lat' dir='ltr'><strong>totum</strong></span> <span class='ocrx_word' id='word_1_303' title='bbox 1641 2221 1697 2243; x_wconf 82' lang='lat' dir='ltr'><em>re-</em></span> 
     </span>
     <span class='ocr_line' id='line_1_33' title="bbox 265 2253 1603 2300; baseline 0.001 -15"><span class='ocrx_word' id='word_1_304' title='bbox 265 2258 416 2285; x_wconf 81' lang='lat' dir='ltr'><strong>secatur:</strong></span> <span class='ocrx_word' id='word_1_305' title='bbox 441 2253 580 2296; x_wconf 79' lang='lat' dir='ltr'>Scytha,</span> <span class='ocrx_word' id='word_1_306' title='bbox 605 2264 671 2287; x_wconf 79' lang='lat' dir='ltr'><em>una</em></span> <span class='ocrx_word' id='word_1_307' title='bbox 695 2266 767 2288; x_wconf 92' lang='lat' dir='ltr'><em>cum</em></span> <span class='ocrx_word' id='word_1_308' title='bbox 789 2267 874 2300; x_wconf 90' lang='lat' dir='ltr'><strong>equo</strong></span> <span class='ocrx_word' id='word_1_309' title='bbox 894 2255 981 2289; x_wconf 88' lang='lat' dir='ltr'><strong>humi</strong></span> <span class='ocrx_word' id='word_1_310' title='bbox 998 2268 1118 2296; x_wconf 66' lang='lat' dir='ltr'><strong>ruem,</strong></span> <span class='ocrx_word' id='word_1_311' title='bbox 1143 2267 1163 2289; x_wconf 88' lang='lat' dir='ltr'><strong>a</strong></span> <span class='ocrx_word' id='word_1_312' title='bbox 1181 2255 1400 2289; x_wconf 78' lang='lat' dir='ltr'><strong>Constantino</strong></span> <span class='ocrx_word' id='word_1_313' title='bbox 1419 2254 1603 2288; x_wconf 86' lang='lat' dir='ltr'><strong>conficitur.</strong></span> 
     </span>
    </p>

    <p class='ocr_par' dir='ltr' id='par_1_7' title="bbox 260 2297 1750 2710">
     <span class='ocr_line' id='line_1_34' title="bbox 356 2297 1750 2344; baseline 0.001 -13"><span class='ocrx_word' id='word_1_314' title='bbox 356 2298 410 2331; x_wconf 89' lang='lat'><em>13.</em></span> <span class='ocrx_word' id='word_1_315' title='bbox 434 2297 503 2330; x_wconf 88' lang='lat' dir='ltr'><em>Iam</em></span> <span class='ocrx_word' id='word_1_316' title='bbox 520 2299 699 2332; x_wconf 78' lang='lat' dir='ltr'><strong>certamine</strong></span> <span class='ocrx_word' id='word_1_317' title='bbox 713 2301 809 2333; x_wconf 92' lang='lat' dir='ltr'><strong>modo</strong></span> <span class='ocrx_word' id='word_1_318' title='bbox 829 2302 893 2333; x_wconf 89' lang='lat' dir='ltr'><strong>huc</strong></span> <span class='ocrx_word' id='word_1_319' title='bbox 911 2300 1007 2334; x_wconf 88' lang='lat' dir='ltr'><strong>modo</strong></span> <span class='ocrx_word' id='word_1_320' title='bbox 1024 2301 1101 2334; x_wconf 86' lang='lat' dir='ltr'><strong>illuc</strong></span> <span class='ocrx_word' id='word_1_321' title='bbox 1120 2313 1156 2334; x_wconf 92' lang='lat' dir='ltr'><em>se</em></span> <span class='ocrx_word' id='word_1_322' title='bbox 1171 2301 1370 2342; x_wconf 81' lang='lat' dir='ltr'><strong>inclinante,</strong></span> <span class='ocrx_word' id='word_1_323' title='bbox 1395 2301 1610 2344; x_wconf 84' lang='lat' dir='ltr'><strong>crebriusque</strong></span> <span class='ocrx_word' id='word_1_324' title='bbox 1625 2311 1697 2333; x_wconf 85' lang='lat' dir='ltr'><em>mu-</em></span> <span class='ocrx_word' id='word_1_325' title='bbox 1747 2340 1750 2343; x_wconf 14' lang='grc' dir='ltr'><strong><em>ἢ</em></strong></span> 
     </span>
     <span class='ocr_line' id='line_1_35' title="bbox 264 2342 1695 2388; baseline 0.003 -14"><span class='ocrx_word' id='word_1_326' title='bbox 264 2345 359 2375; x_wconf 85' lang='lat' dir='ltr'><strong>tante</strong></span> <span class='ocrx_word' id='word_1_327' title='bbox 382 2342 559 2387; x_wconf 85' lang='lat' dir='ltr'><strong>utrobique</strong></span> <span class='ocrx_word' id='word_1_328' title='bbox 583 2344 708 2377; x_wconf 75' lang='lat' dir='ltr'><strong>variam</strong></span> <span class='ocrx_word' id='word_1_329' title='bbox 734 2346 920 2386; x_wconf 85' lang='lat' dir='ltr'><strong>fortunam,</strong></span> <span class='ocrx_word' id='word_1_330' title='bbox 945 2346 1116 2379; x_wconf 90' lang='lat' dir='ltr'><strong>classicum</strong></span> <span class='ocrx_word' id='word_1_331' title='bbox 1135 2347 1265 2379; x_wconf 77' lang='lat' dir='ltr'><strong>Bai-das</strong></span> <span class='ocrx_word' id='word_1_332' title='bbox 1291 2346 1365 2379; x_wconf 88' lang='lat' dir='ltr'><strong>cani</strong></span> <span class='ocrx_word' id='word_1_333' title='bbox 1394 2346 1504 2386; x_wconf 80' lang='lat' dir='ltr'><strong>iubet,</strong></span> <span class='ocrx_word' id='word_1_334' title='bbox 1535 2350 1695 2388; x_wconf 76' lang='lat' dir='ltr'><strong>tympana</strong></span> 
     </span>
     <span class='ocr_line' id='line_1_36' title="bbox 262 2387 1692 2435; baseline 0.001 -16"><span class='ocrx_word' id='word_1_335' title='bbox 262 2387 335 2420; x_wconf 90' lang='lat' dir='ltr'><strong>ictu</strong></span> <span class='ocrx_word' id='word_1_336' title='bbox 367 2387 484 2420; x_wconf 86' lang='lat' dir='ltr'><strong>crebro</strong></span> <span class='ocrx_word' id='word_1_337' title='bbox 508 2388 654 2432; x_wconf 82' lang='lat' dir='ltr'><strong>pulsari:</strong></span> <span class='ocrx_word' id='word_1_338' title='bbox 692 2391 864 2434; x_wconf 85' lang='lat' dir='ltr'><strong>consurgit</strong></span> <span class='ocrx_word' id='word_1_339' title='bbox 889 2391 943 2433; x_wconf 88' lang='lat' dir='ltr'><em>(id</em></span> <span class='ocrx_word' id='word_1_340' title='bbox 961 2396 1163 2424; x_wconf 83' lang='lat' dir='ltr'><strong>convenerat</strong></span> <span class='ocrx_word' id='word_1_341' title='bbox 1191 2392 1341 2435; x_wconf 87' lang='lat' dir='ltr'><strong>signum)</strong></span> <span class='ocrx_word' id='word_1_342' title='bbox 1370 2403 1412 2424; x_wconf 87' lang='lat' dir='ltr'><em>ex</em></span> <span class='ocrx_word' id='word_1_343' title='bbox 1435 2390 1566 2424; x_wconf 87' lang='lat' dir='ltr'><strong>insidiis</strong></span> <span class='ocrx_word' id='word_1_344' title='bbox 1587 2389 1692 2430; x_wconf 84' lang='lat' dir='ltr'><strong>acies,</strong></span> 
     </span>
     <span class='ocr_line' id='line_1_37' title="bbox 263 2433 1694 2480; baseline 0.001 -16"><span class='ocrx_word' id='word_1_345' title='bbox 263 2433 529 2476; x_wconf 84' lang='lat' dir='ltr'><strong>Scytharumque</strong></span> <span class='ocrx_word' id='word_1_346' title='bbox 553 2438 650 2476; x_wconf 83' lang='lat' dir='ltr'><strong>terga</strong></span> <span class='ocrx_word' id='word_1_347' title='bbox 672 2434 802 2467; x_wconf 84' lang='lat' dir='ltr'><strong>invadit</strong></span> <span class='ocrx_word' id='word_1_348' title='bbox 815 2460 825 2475; x_wconf 92' lang='lat'><strong>‚</strong></span> <span class='ocrx_word' id='word_1_349' title='bbox 860 2436 928 2479; x_wconf 90' lang='lat' dir='ltr'><strong>qui,</strong></span> <span class='ocrx_word' id='word_1_350' title='bbox 951 2437 1071 2469; x_wconf 88' lang='lat' dir='ltr'><strong>timore</strong></span> <span class='ocrx_word' id='word_1_351' title='bbox 1090 2437 1257 2480; x_wconf 84' lang='lat' dir='ltr'><strong>perculsi,</strong></span> <span class='ocrx_word' id='word_1_352' title='bbox 1281 2438 1316 2470; x_wconf 91' lang='lat' dir='ltr'><em>in</em></span> <span class='ocrx_word' id='word_1_353' title='bbox 1330 2436 1577 2470; x_wconf 87' lang='lat' dir='ltr'><strong>conversionem</strong></span> <span class='ocrx_word' id='word_1_354' title='bbox 1594 2434 1694 2467; x_wconf 83' lang='lat' dir='ltr'><strong>incli-</strong></span> 
     </span>
     <span class='ocr_line' id='line_1_38' title="bbox 263 2478 1693 2526; baseline 0.001 -17"><span class='ocrx_word' id='word_1_355' title='bbox 263 2480 353 2512; x_wconf 85' lang='lat' dir='ltr'><strong>nant.</strong></span> <span class='ocrx_word' id='word_1_356' title='bbox 385 2478 538 2510; x_wconf 88' lang='lat' dir='ltr'><strong>Necdum</strong></span> <span class='ocrx_word' id='word_1_357' title='bbox 548 2484 620 2511; x_wconf 88' lang='lat' dir='ltr'><strong>erat</strong></span> <span class='ocrx_word' id='word_1_358' title='bbox 638 2479 816 2513; x_wconf 89' lang='lat' dir='ltr'><strong>manifesta</strong></span> <span class='ocrx_word' id='word_1_359' title='bbox 828 2481 921 2523; x_wconf 85' lang='lat' dir='ltr'><strong>fuga,</strong></span> <span class='ocrx_word' id='word_1_360' title='bbox 941 2492 1013 2514; x_wconf 91' lang='lat' dir='ltr'><em>cum</em></span> <span class='ocrx_word' id='word_1_361' title='bbox 1033 2482 1153 2514; x_wconf 89' lang='lat' dir='ltr'><strong>nobilis</strong></span> <span class='ocrx_word' id='word_1_362' title='bbox 1173 2482 1294 2526; x_wconf 86' lang='lat' dir='ltr'><strong>aliquis</strong></span> <span class='ocrx_word' id='word_1_363' title='bbox 1304 2483 1447 2522; x_wconf 80' lang='lat' dir='ltr'><strong>Russus,</strong></span> <span class='ocrx_word' id='word_1_364' title='bbox 1465 2479 1693 2524; x_wconf 84' lang='lat' dir='ltr'><strong>magnitudine</strong></span> 
     </span>
     <span class='ocr_line' id='line_1_39' title="bbox 263 2522 1692 2569; baseline 0.001 -15"><span class='ocrx_word' id='word_1_365' title='bbox 263 2522 413 2566; x_wconf 89' lang='lat' dir='ltr'><strong>corporis</strong></span> <span class='ocrx_word' id='word_1_366' title='bbox 431 2527 465 2555; x_wconf 87' lang='lat' dir='ltr'><em>et</em></span> <span class='ocrx_word' id='word_1_367' title='bbox 481 2534 644 2556; x_wconf 88' lang='lat' dir='ltr'><strong>armorum</strong></span> <span class='ocrx_word' id='word_1_368' title='bbox 662 2525 794 2567; x_wconf 85' lang='lat' dir='ltr'><strong>fulgore</strong></span> <span class='ocrx_word' id='word_1_369' title='bbox 809 2531 945 2569; x_wconf 86' lang='lat' dir='ltr'><strong>praeter</strong></span> <span class='ocrx_word' id='word_1_370' title='bbox 960 2526 1041 2559; x_wconf 85' lang='lat' dir='ltr'><strong>alios</strong></span> <span class='ocrx_word' id='word_1_371' title='bbox 1060 2527 1236 2567; x_wconf 80' lang='lat' dir='ltr'><strong>excellens,</strong></span> <span class='ocrx_word' id='word_1_372' title='bbox 1259 2528 1348 2561; x_wconf 90' lang='lat' dir='ltr'><strong>inter</strong></span> <span class='ocrx_word' id='word_1_373' title='bbox 1366 2527 1490 2560; x_wconf 83' lang='lat' dir='ltr'><strong>infesta</strong></span> <span class='ocrx_word' id='word_1_374' title='bbox 1512 2526 1609 2568; x_wconf 80' lang='lat' dir='ltr'><strong>signa</strong></span> <span class='ocrx_word' id='word_1_375' title='bbox 1623 2525 1692 2556; x_wconf 85' lang='lat' dir='ltr'><strong>cir-</strong></span> 
     </span>
     <span class='ocr_line' id='line_1_40' title="bbox 261 2568 1692 2613; baseline 0.002 -15"><span class='ocrx_word' id='word_1_376' title='bbox 261 2572 499 2608; x_wconf 84' lang='lat' dir='ltr'><strong>cumcursaret,</strong></span> <span class='ocrx_word' id='word_1_377' title='bbox 522 2569 567 2601; x_wconf 81' lang='lat' dir='ltr'><strong>ad</strong></span> <span class='ocrx_word' id='word_1_378' title='bbox 582 2569 741 2603; x_wconf 87' lang='lat' dir='ltr'><strong>virtutem</strong></span> <span class='ocrx_word' id='word_1_379' title='bbox 759 2581 837 2602; x_wconf 89' lang='lat' dir='ltr'><strong>suos</strong></span> <span class='ocrx_word' id='word_1_380' title='bbox 856 2571 1044 2604; x_wconf 87' lang='lat' dir='ltr'><strong>cohortans.</strong></span> <span class='ocrx_word' id='word_1_381' title='bbox 1088 2572 1179 2605; x_wconf 92' lang='lat' dir='ltr'><strong>Huic</strong></span> <span class='ocrx_word' id='word_1_382' title='bbox 1194 2573 1326 2606; x_wconf 83' lang='lat' dir='ltr'><strong>Bardas</strong></span> <span class='ocrx_word' id='word_1_383' title='bbox 1343 2571 1478 2605; x_wconf 85' lang='lat' dir='ltr'><strong>Sclerus</strong></span> <span class='ocrx_word' id='word_1_384' title='bbox 1493 2568 1692 2613; x_wconf 82' lang='lat' dir='ltr'><strong>adequitans</strong></span> 
     </span>
     <span class='ocr_line' id='line_1_41' title="bbox 261 2613 1692 2661; baseline 0.002 -18"><span class='ocrx_word' id='word_1_385' title='bbox 261 2617 364 2654; x_wconf 86' lang='lat' dir='ltr'><strong>caput</strong></span> <span class='ocrx_word' id='word_1_386' title='bbox 389 2613 574 2655; x_wconf 85' lang='lat' dir='ltr'><strong>percussit,</strong></span> <span class='ocrx_word' id='word_1_387' title='bbox 608 2613 718 2658; x_wconf 91' lang='lat' dir='ltr'><strong>adque</strong></span> <span class='ocrx_word' id='word_1_388' title='bbox 747 2615 891 2647; x_wconf 87' lang='lat' dir='ltr'><strong>cinctum</strong></span> <span class='ocrx_word' id='word_1_389' title='bbox 920 2627 1028 2659; x_wconf 90' lang='lat' dir='ltr'><strong>usque</strong></span> <span class='ocrx_word' id='word_1_390' title='bbox 1053 2616 1200 2660; x_wconf 85' lang='lat' dir='ltr'><strong>gladium</strong></span> <span class='ocrx_word' id='word_1_391' title='bbox 1218 2618 1354 2661; x_wconf 82' lang='lat' dir='ltr'><strong>adegit,</strong></span> <span class='ocrx_word' id='word_1_392' title='bbox 1377 2628 1484 2660; x_wconf 84' lang='lat' dir='ltr'><strong>neque</strong></span> <span class='ocrx_word' id='word_1_393' title='bbox 1501 2614 1600 2658; x_wconf 82' lang='lat' dir='ltr'><strong>galea</strong></span> <span class='ocrx_word' id='word_1_394' title='bbox 1616 2624 1692 2647; x_wconf 87' lang='lat' dir='ltr'><em>eum</em></span> 
     </span>
     <span class='ocr_line' id='line_1_42' title="bbox 260 2657 1690 2710; baseline 0.008 -23"><span class='ocrx_word' id='word_1_395' title='bbox 260 2657 455 2699; x_wconf 87' lang='lat' dir='ltr'><strong>repellente,</strong></span> <span class='ocrx_word' id='word_1_396' title='bbox 479 2669 588 2710; x_wconf 74' lang='lat' dir='ltr'><strong>neque</strong></span> <span class='ocrx_word' id='word_1_397' title='bbox 602 2660 742 2693; x_wconf 82' lang='lat' dir='ltr'><strong>thorace</strong></span> <span class='ocrx_word' id='word_1_398' title='bbox 757 2671 873 2692; x_wconf 84' lang='lat' dir='ltr'><strong>manus</strong></span> <span class='ocrx_word' id='word_1_399' title='bbox 891 2661 991 2694; x_wconf 88' lang='lat' dir='ltr'><strong>robur</strong></span> <span class='ocrx_word' id='word_1_400' title='bbox 1009 2662 1195 2704; x_wconf 86' lang='lat' dir='ltr'><strong>cohibente,</strong></span> <span class='ocrx_word' id='word_1_401' title='bbox 1220 2664 1369 2706; x_wconf 83' lang='lat' dir='ltr'><strong>gladiive</strong></span> <span class='ocrx_word' id='word_1_402' title='bbox 1389 2666 1565 2694; x_wconf 83' lang='lat' dir='ltr'><strong>secturam.</strong></span> <span class='ocrx_word' id='word_1_403' title='bbox 1611 2658 1690 2698; x_wconf 74' lang='lat' dir='ltr'><em>QUO</em></span> 
     </span>
    </p>
   </div>
   <div class='ocr_carea' id='block_1_3' title="bbox 259 2700 1690 2797">
    <p class='ocr_par' dir='ltr' id='par_1_8' title="bbox 259 2700 1690 2797">
     <span class='ocr_line' id='line_1_43' title="bbox 260 2700 1690 2751; baseline 0.003 -20"><span class='ocrx_word' id='word_1_404' title='bbox 260 2700 412 2734; x_wconf 86' lang='lat' dir='ltr'><strong>bifariam</strong></span> <span class='ocrx_word' id='word_1_405' title='bbox 440 2702 581 2736; x_wconf 80' lang='lat' dir='ltr'><strong>discisso</strong></span> <span class='ocrx_word' id='word_1_406' title='bbox 613 2704 769 2749; x_wconf 87' lang='lat' dir='ltr'><strong>humique</strong></span> <span class='ocrx_word' id='word_1_407' title='bbox 793 2705 942 2745; x_wconf 89' lang='lat' dir='ltr'><strong>deiecto,</strong></span> <span class='ocrx_word' id='word_1_408' title='bbox 971 2707 1175 2740; x_wconf 84' lang='lat' dir='ltr'><strong>conclamant</strong></span> <span class='ocrx_word' id='word_1_409' title='bbox 1205 2719 1287 2751; x_wconf 88' lang='lat' dir='ltr'><strong>prae</strong></span> <span class='ocrx_word' id='word_1_410' title='bbox 1301 2707 1425 2751; x_wconf 88' lang='lat' dir='ltr'><strong>gaudio</strong></span> <span class='ocrx_word' id='word_1_411' title='bbox 1442 2704 1593 2744; x_wconf 87' lang='lat' dir='ltr'><strong>Romani,</strong></span> <span class='ocrx_word' id='word_1_412' title='bbox 1616 2703 1690 2736; x_wconf 86' lang='lat' dir='ltr'><strong>ani-</strong></span> 
     </span>
     <span class='ocr_line' id='line_1_44' title="bbox 259 2748 1688 2797; baseline 0.007 -20"><span class='ocrx_word' id='word_1_413' title='bbox 259 2755 396 2790; x_wconf 88' lang='lat' dir='ltr'><strong>mosque</strong></span> <span class='ocrx_word' id='word_1_414' title='bbox 413 2754 561 2782; x_wconf 87' lang='lat' dir='ltr'><strong>sumunt:</strong></span> <span class='ocrx_word' id='word_1_415' title='bbox 584 2749 698 2791; x_wconf 88' lang='lat' dir='ltr'><strong>Russi‚</strong></span> <span class='ocrx_word' id='word_1_416' title='bbox 717 2761 804 2785; x_wconf 84' lang='lat' dir='ltr'><strong>novo</strong></span> <span class='ocrx_word' id='word_1_417' title='bbox 822 2751 886 2785; x_wconf 88' lang='lat' dir='ltr'><em>hoc</em></span> <span class='ocrx_word' id='word_1_418' title='bbox 900 2755 1160 2797; x_wconf 80' lang='lat' dir='ltr'><strong>portentosoque</strong></span> <span class='ocrx_word' id='word_1_419' title='bbox 1174 2753 1247 2787; x_wconf 86' lang='lat' dir='ltr'><strong>ictu</strong></span> <span class='ocrx_word' id='word_1_420' title='bbox 1264 2753 1390 2794; x_wconf 84' lang='lat' dir='ltr'><strong>territi,</strong></span> <span class='ocrx_word' id='word_1_421' title='bbox 1407 2750 1537 2785; x_wconf 79' lang='lat' dir='ltr'><strong>ululatu</strong></span> <span class='ocrx_word' id='word_1_422' title='bbox 1559 2748 1688 2783; x_wconf 68' lang='lat' dir='ltr'><strong>sublato</strong></span> 
     </span>
    </p>
   </div>
  </div>
 </body>
</html>
