1728 3172
265 203 339 233 x1v
833 196 882 243 C.
909 196 956 239 Β.
985 195 1135 240 HASII

267 299 549 352 cognitionem,
583 301 876 353 editionemque
902 299 1108 353 utriusque
1129 300 1349 342 adornasse.
1404 299 1515 350 Quia
1535 300 1626 354 ipse
1651 301 1712 341 sie

265 367 383 407 habet
400 369 506 408 notis
526 368 575 407 ad
587 368 748 411 Auctar.
769 369 917 410 noviss.
932 368 1118 409 Biblioth.
1131 369 1317 411 Graecor.
1337 370 1439 411 Patr.
1450 369 1575 408 Paris:
1588 372 1713 412 1672-

264 449 304 487 p.
323 436 417 478 545.
435 435 668 475 subhorride
681 435 743 490 (ut
759 437 993 489 plerumque
1005 436 1204 475 incomtus
1222 440 1281 476 est
1294 437 1337 476 in
1349 436 1525 477 oratione
1537 434 1690 488 Latina)
1699 448 1712 472 ε

141 505 181 539 P.
201 507 245 541 1v
267 502 408 541 Photis:
434 502 596 540 technae
617 505 828 556 malasque
856 511 962 542 artes
988 517 1079 542 cum
1099 504 1185 542 alii
1208 506 1414 555 prosecuti
1441 510 1535 542 eunt
1563 503 1714 542 Graeci

264 571 474 621 aequales,
513 578 587 608 aut
600 586 755 623 parum
782 584 1000 622 suppares,
1037 578 1125 608 tum
1150 585 1262 609 meus·
1285 571 1512 623 Logotheta
1540 569 1627 622 [hic
1650 575 1713 609 est

261 638 419 676 Simeon
439 640 619 689 magister
640 645 679 676 et
699 637 932 689 Logotheta‚
962 637 1011 676 de
1036 651 1114 689 quo
1131 638 1283 678 Har-les.
1311 638 1394 679 vu.
1419 639 1516 682 471.
1550 637 1634 691 u]‚
1671 639 1712 676 si

260 704 445 757 quando,
469 719 572 756 pace
589 707 717 744 lenius
737 708 960 758 aspirante,
990 718 1040 742 ac
1060 704 1407 744 christianissimo
1425 707 1537 759 Rege
1558 720 1711 758 semper·

258 774 425 821 victore,
455 773 588 823 Regia
618 774 789 824 Lapara
802 802 813 822 ,
842 773 1036 810 historiae
1062 774 1316 823 Byzantinae
1334 762 1465 825 paene
1489 773 1709 811 necessario

258 839 548 889 supplemento,
578 853 668 877 cum
696 842 827 879 Leone
853 841 1042 879 Diacono
1074 846 1111 877 et
1136 839 1335 878 Micha’e'le
1355 841 1514 890 ,Pu-lto,
1551 841 1709 891 regium

258 919 347 943 vere
366 906 585 957 multiplici
603 908 721 945 titulo
737 914 1029 960 argumentum,
1051 908 1155 944 iuris
1164 908 1326 959 publici
1345 909 1460 960 regia
1476 907 1709 958 munificen-

260 974 322 1009 tia
344 974 508 1023 faciat:
547 989 595 1012 ne
626 975 708 1012 sibi
732 989 808 1026 per
831 989 967 1012 moras·
994 977 1208 1024 Batavus,
1247 982 1324 1013 aut
1341 989 1441 1029 gens
1467 975 1581 1025 alia,
1619 987 1709 1012 eam

256 1040 435 1090 gloriam
450 1042 600 1092 rapiat.
652 1042 734 1086 ,Sed
751 1056 784 1080 a.
808 1046 928 1085 1679.
947 1056 969 1080 a
987 1041 1069 1081 vita
1088 1042 1269 1081 discessit
1283 1041 1551 1092 Combeffiius,
1580 1042 1709 1093 deque

261 1107 414 1145 duobus
434 1107 551 1146 tomis
573 1109 748 1148 Auctarii
768 1109 976 1161 Byzantini
987 1138 999 1158 ‚
1026 1123 1126 1161 quos
1146 1109 1318 1149 edendos
1338 1109 1413 1148 sibi
1432 1114 1709 1161 proposuerat,

262 1187 313 1212 ne
330 1175 501 1226 priorem
530 1177 687 1227 quidem
718 1177 851 1229 potuit
875 1176 1091 1228 divulgare.
1147 1177 1186 1216 Is
1217 1177 1343 1227 enim,
1378 1175 1590 1227 scriptores
1611 1181 1707 1227 post

263 1241 539 1293 Theophanem
560 1243 765 1282 continens
778 1274 788 1293 ‚
819 1243 1120 1282 Constantinum
1138 1243 1522 1296 Porphyrogenetsm
1546 1242 1636 1281 dico
1656 1242 1706 1282 de

260 1309 346 1348 vita
355 1310 501 1360 Basilii,
519 1308 844 1349 continuatorem*
854 1324 1094 1363 anonymum
1104 1310 1365 1363 Theophanis,
1376 1310 1397 1348 Ῑ
1398 1322 1563 1349 oannem
1572 1310 1708 1350 came·

260 1376 419 1426 nietam,
451 1377 661 1428 Georgium
678 1378 927 1427 monachum,
957 1377 1075 1426 alios,
1103 1390 1186 1415 non
1202 1376 1278 1416 nisi
1298 1377 1485 1416 sexennio
1502 1383 1608 1430 post,
1637 1390 1706 1427 cu.

259 1450 372 1483 rante
392 1445 615 1483 Sebastiano
635 1444 1019 1496 Mabre-Cramoisy‚
1048 1457 1098 1482 ex
1114 1442 1374 1496 typographia
1392 1445 1510 1496 Regia
1526 1459 1560 1487 a.
1583 1445 1707 1488 1685.

258 1511 303 1548 in
329 1512 459 1549 lucem
486 1511 664 1563 prolatus
690 1517 761 1550 est.
825 1512 958 1550 Editio
984 1512 1168 1560 alterius,
1206 1512 1374 1551 Leonem
1393 1512 1708 1564 michaelemque

258 1578 429 1616 Psellum
453 1579 720 1629 complexuri,
747 1592 874 1631 prope
901 1578 1060 1630 triginta
1077 1579 1191 1618 annis
1212 1584 1305 1631 post
1330 1581 1535 1620 commissa
1555 1586 1617 1619 est
1630 1579 1705 1624 Mi.

259 1642 387 1682 chaeli
406 1645 474 1683 -Le
513 1645 664 1695 Quien‚
711 1659 762 1684 ex
797 1645 954 1690 schedis
995 1637 1301 1685 Combefisianis
1323 1646 1576 1687 adornanda:
1619 1647 1705 1688 vid.

256 1709 425 1748 Echard.
446 1712 658 1763 Scriptorr.
677 1712 830 1750 ordinis
847 1712 1110 1752 Praedicator.
1128 1714 1176 1753 11.
1190 1713 1290 1757 684.
1312 1713 1353 1757 G.
1365 1714 1449 1755 Nee
1475 1714 1647 1766 segniter
1664 1714 1702 1754 ie

257 1790 298 1815 se
319 1777 369 1815 ad
390 1791 490 1829 opus
512 1779 700 1829 admovit,
729 1779 785 1817 ita
802 1786 849 1818 ut
861 1781 935 1819 Leo
955 1780 999 1819 in
1018 1780 1280 1832 typographia
1291 1781 1408 1831 Regia
1423 1781 1604 1820 formulis
1624 1781 1705 1822 iam

256 1850 416 1896 coeptus
449 1845 502 1890 sit
530 1846 717 1895 describi,
746 1846 908 1899 ipseque
926 1848 979 1886 Le
998 1848 1127 1896 Quien
1154 1847 1212 1886 sic
1239 1840 1382 1886 habeat
1401 1848 1553 1889 Orient.
1583 1847 1704 1887 Chri-

256 1911 371 1949 stian.
398 1911 429 1948 I.
463 1913 558 1954 255.
582 1915 635 1952 D:
668 1915 779 1965 Quae
799 1917 882 1962 Leo
902 1917 1119 1953 Diae-onus
1144 1916 1263 1964 refert
1282 1917 1327 1952 in
1343 1916 1558 1965 Historia,
1583 1916 1703 1955 cuiue

249 1991 353 2029 pars
372 1981 478 2030 typis
498 1980 642 2031 Regiis
663 1983 748 2018 iam
773 1980 883 2019 edita
906 1990 973 2020 est.
1029 1982 1182 2020 Atenim
1206 1982 1422 2020 intervenit
1449 1982 1701 2035 impressioni

254 2044 528 2095 ingravescens
551 2047 720 2098 bellum,
760 2049 868 2100 quod
894 2049 942 2087 de
972 2049 1250 2100 Hispaniarum
1275 2050 1518 2089 successione
1546 2056 1700 2101 gestum

253 2118 335 2161 est,
365 2115 678 2166 consiliumque,
706 2122 763 2160 ut,
778 2116 914 2155 scribit
933 2116 1136 2155 Echardus
1166 2117 1242 2157 loc.
1263 2116 1351 2166 cit„
1380 2115 1494 2168 quod
1505 2117 1702 2156 fficlza'e'li

254 2180 316 2216 Le
347 2180 473 2230 Quien
512 2184 765 2219 commissum
796 2190 883 2220 erat
914 2184 1197 2235 exequendum,
1235 2179 1397 2235 iariique
1425 2186 1532 2235 typis·
1555 2185 1702 2237 Regiis

254 2247 476 2296 inceptum,
507 2247 606 2284 bello
624 2255 709 2284 tum
736 2252 927 2288 atrociori
950 2251 1099 2303 ubique
1109 2253 1322 2304 flagrante
1350 2253 1616 2303 interruptum
1643 2259 1702 2290 eet

254 2325 306 2349 ac
327 2313 549 2363 prolatum.
605 2315 706 2366 Ergo
729 2329 855 2368 neque
877 2317 1098 2356 Combefisii
1124 2333 1242 2372 opera
1268 2331 1396 2370 neque
1417 2311 1634 2369 Lequi'enii‚
1661 2332 1700 2358 a.

256 2381 376 2421 1733.
394 2380 475 2417 vita
494 2381 640 2431 suncti,
669 2383 787 2422 Leoni
806 2384 939 2436 potuit
952 2385 1151 2438 prodesse.
1205 2386 1258 2424 Et
1272 2384 1404 2424 mirari
1417 2383 1525 2434 licet,
1551 2385 1699 2437 plagu-

250 2445 310 2484 las
329 2446 416 2484 illas
438 2453 536 2485 tunc
553 2447 758 2500 impressas
779 2450 993 2503 interiisse,
1021 2466 1147 2505 prope
1165 2451 1292 2490 dicam
1305 2482 1315 2500 ,
1343 2452 1386 2490 in
1403 2450 1593 2501 nihilum,
1620 2463 1698 2489 ne-

251 2526 326 2563 que
348 2526 513 2565 usquam
533 2513 611 2551 iam
633 2528 870 2567 comparere.
925 2519 1008 2571 Ego
1027 2526 1132 2559 certe
1151 2525 1348 2558 scrutatus
1375 2532 1462 2557 sum
1491 2531 1589 2569 quae
1615 2531 1696 2570 po-

250 2580 331 2629 tui,
362 2586 400 2618 et
419 2581 659 2632 perquisivi,
687 2591 942 2632 percontatus
962 2601 1120 2639 quoque
1138 2592 1290 2637 agentes
1309 2584 1590 2638 typographiae
1613 2577 1695 2623 'Re-

250 2645 353 2695 giam,
381 2647 492 2686 viros
513 2661 595 2686 non
613 2649 743 2686 solum
768 2651 1024 2701 peritissimos
1052 2653 1149 2694 artis
1170 2666 1282 2702 suae,
1311 2666 1449 2696 verum
1479 2651 1693 2691 historicos

250 2725 425 2764 quoque,
463 2722 882 2768 monumentorumque
913 2720 1092 2759 officinae
1116 2720 1295 2773 ipsorum
1323 2718 1595 2772 percuriosos:
1621 2731 1693 2758 re-

249 2778 391 2829 liquias
413 2781 595 2822 editionis
612 2782 720 2822 illius
746 2783 925 2839 inceptae
954 2788 1085 2827 nullas
1111 2787 1223 2840 potui
1251 2785 1443 2826 nancisci.
1500 2786 1691 2838 Quapro-
