1760 3034
376 175 384 179 -
408 137 687 181 NOMINUM
714 135 792 189 ET
819 135 1149 190 VERBQRUM.

45 233 57 249 Ι

58 236 194 324 811,ὲὲ
196 234 338 337 giu-“3185
338 238 618 329 ᾞξὲῗῖζσῗὸξῑῗα
625 239 749 329 5ινῑιοὶιινηδ-

87 326 163 374 ,οόν
190 329 425 370 υφίστασθαι
449 330 613 375 quomodo
639 330 748 364 inter-

91 374 294 420 pretandum
312 377 400 416 512,
424 378 455 412 1.
478 373 546 420 ἐφ’
575 370 604 422 ᾧ
630 381 667 410 et
686 375 747 412 ἐπὶ

92 419 146 464 τῷ
154 443 165 460 ,
189 419 232 452 de
249 421 359 464 pactis
376 426 411 455 et
425 422 597 456 conventis
613 433 746 455 enume-

90 463 208 499 randis
226 463 316 507 486,
339 468 394 502 17.
417 478 479 512 pro
500 463 567 512 ἐφ’
585 464 747 511 ὁμαλοῦς

89 509 225 544 videtur
240 511 416 556 legendum
433 511 650 556 ἐφωμάλους
667 516 744 555 187,

89 557 123 592 6.
157 554 218 590 ἐπὶ
247 557 362 592 verbis
392 558 551 595 veniendi
585 559 744 600 iunctum,

89 600 207 635 addito
222 613 303 635 casu
319 614 497 647 personae,
521 615 595 638 cum
608 603 744 638 notione

88 645 275 680 invasionis
290 647 421 686 hostilis
437 646 526 690 452,
547 649 607 686 43.

35 700 283 782 Ἐσὲιγινοὸσκω
318 709 356 740 et
391 702 629 750 ἀπογινώσκω
660 716 747 739 oon·

40 795 60 815 *
77 749 335 839 ssixsszssk..
355 795 424 831 422
436 820 448 837 ,
469 793 527 832 34.

38 837 208 884 Ἐπίκλην
224 839 312 882 433,
334 838 392 876 42.
414 852 517 875 voces
537 841 611 875 eius
627 841 706 877 loco,
721 852 743 876 a

22 901 24 904 >
83 886 199 940 {aeone
229 886 381 921 Diacono
419 886 578 922 adhiberi
619 886 742 922 solitae

35 928 282 1019 ’.Εὲὺιινῒσῗῖζω
314 979 352 1012 et
383 974 567 1014 ἕκινῦσσω
598 977 739 1012 confusa

38 1020 271 1112 Egelgmissiue
298 1068 446 1103 fortasse
469 1067 665 1103 vertendum
683 1068 738 1103 iri-

82 1114 233 1147 terdicta
252 1115 319 1156 85,
342 1115 380 1150 5.

33 1153 277 1201 Ἐπίσκοπος,
315 1170 377 1204 per
409 1158 531 1204 sigium
563 1158 737 1204 scriptum,

15 1227 22 1231 -
82 1216 277 1260 perperam—
301 1204 428 1239 lectum
465 1205 508 1239 ab
548 1204 737 1240 editoribus

32 1250 288 1349 Ἑτῒῗὲτζιέἓῆ
315 1290 485 1349 ἄποπτος
508 1293 599 1348 apud
618 1293 657 1327 S.
678 1293 738 1327 Iu-

35 1338 663 1430 *22222221‘325‘33022233‘4233’
678 1340 737 1420 {31

31 1427 275 1519 Ἐτὲᾅιῖρῖἒιῖον
304 1436 340 1466 et
366 1429 563 1476 ἐπίτρεψον
595 1431 738 1465 confusa

36 1534 74 1568 S.
97 1533 310 1580 Epiphanius
337 1533 524 1567 illustratus
553 1530 645 1573 480,
677 1531 736 1567 35.

81 1579 280 1613 emendatus
294 1579 376 1619 431,
397 1581 454 1614 31.
474 1579 566 1619 487,
592 1580 646 1613 12.
661 1577 734 1610 eius

78 1624 176 1658 locus
194 1624 387 1658 emendatus
405 1624 440 1657 in
458 1623 546 1657 libro
562 1623 735 1656 Adversus

77 1670 239 1704 haereses
263 1670 352 1714 405,
376 1669 408 1702 7.
432 1669 505 1702 eius
522 1668 654 1702 libellus
682 1668 735 1702 De

78 1715 243 1749 mensuris
266 1719 301 1748 et
320 1714 524 1758 ponderibus
547 1725 571 1748 a
584 1712 734 1746 librariis

77 1761 254 1794 admodum
271 1761 478 1804 depravatus
498 1757 584 1800 404,
608 1760 665 1794 23.

33 1816 220 1862 [Episcopi
246 1815 416 1850 Graeciae
441 1814 551 1860 palliis
578 1817 734 1855 utuntur,

79 1874 146 1896 non
172 1862 278 1896 solum
304 1861 526 1895 patriarchae
553 1861 644 1900 370,
676 1860 735 1894 28.

79 1919 146 1942 non
171 1906 354 1952 hospitales
372 1910 407 1940 et
429 1906 594 1951 quomodo
618 1916 656 1939 se
674 1915 736 1948 ge·

79 1957 160 1989 rant
175 1954 242 1989 371
255 1978 266 1994 ,
290 1951 358 1996 13.]

33 2009 195 2055 Epistola
223 2009 360 2043 Bardae
387 2006 495 2041 Scleri
521 2006 566 2041 ad
588 2005 733 2040 Bardam

77 2055 227 2090 Phocam
241 2054 398 2088 rebellem
417 2055 501 2094 118,
525 2051 558 2087 4.
581 2052 735 2085 Bardae-

78 2111 147 2145 que
179 2111 235 2134 res
261 2111 375 2133 onsum
405 2097 620 2144 impotentius
653 2097 730 2138 119,

76 2147 112 2181 2.
128 2111 274 2190 epistolii
289 2144 415 2179 Graeci
431 2143 614 2183 cuiusdam,
642 2154 729 2175 saec.

77 2201 127 2224 xi.
157 2190 251 2224 circa
276 2190 460 2234 Danaprim
484 2189 552 2222 iter
573 2187 731 2221 facientis

77 2233 166 2276 496.
189 2236 248 2270 39.
274 2235 409 2270 Ioannis
434 2234 625 2269 Tzimiscae
645 2233 730 2277 Imp.

76 2281 123 2315 ad
149 2279 296 2314 Bardam
311 2280 458 2314 Phocum
475 2279 633 2314 rebellem
653 2279 730 2319 115,

78 2328 112 2360 1.
144 2324 280 2370 Iosephi
314 2325 466 2370 Bringae
498 2324 541 2358 ad
574 2324 731 2357 Ioannem

78 2370 282 2405 Tzimiscem
300 2371 367 2412 38,
389 2372 423 2405 32
446 2368 622 2414 Epistulae
639 2369 731 2402 Pho-

76 2415 119 2450 tii
144 2428 164 2450 a
191 2415 361 2449 Richardo
386 2414 598 2450 Montacutio
625 2413 733 2447 inter-

77 2465 176 2507 prete
198 2460 312 2495 multis
342 2460 425 2494 locis
450 2471 515 2494 non
539 2458 733 2493 intellectae

77 2507 144 2542 511
160 2531 172 2548 ,
204 2507 262 2541 37.
296 2505 476 2550 epistolion
504 2504 658 2539 monachi
687 2504 732 2538 ad

77 2551 312 2595 Nicephorum
335 2550 481 2584 Phocam
505 2550 588 2594 Imp.
611 2550 676 2590 83,
698 2550 730 2583 5.

77 2595 196 2630 clerici
231 2595 392 2640 palatini,
430 2606 496 2640 quo
518 2594 732 2639 Nicephorus

79 2640 123 2675 de
140 2641 246 2675 caede
261 2641 449 2675 imminente
460 2643 613 2674 monetur
623 2641 679 2682 86,
696 2640 730 2674 3.

33 2683 329 2732 Ἐπιστροφοὶὃην
355 2687 421 2727 22,
443 2688 500 2722 22.
523 2687 607 2733 quid
625 2689 731 2736 signi-

77 2731 159 2765 ficet.
177 2731 268 2779 apud
286 2732 432 2766 Leonem
449 2731 538 2780 476,
559 2731 618 2771 24.

1395 130 1509 190 585.

797 235 1023 285 Ἐπιστροφὴ
1047 238 1140 284 apud
1167 238 1344 282 rhetores,
1369 240 1420 283 1.)
1441 253 1509 285 rof

847 285 910 317 bur
929 283 1108 326 dictionis,
1130 284 1184 328 2)
1207 285 1244 318 id
1267 284 1357 331 quod
1374 286 1502 326 dicitur

848 331 1018 363 conversio
1044 331 1092 364 ad
1116 336 1298 364 extremum
1322 329 1409 373 476,
1439 333 1502 368 35-

844 373 891 454 ἱὸιὸ
891 375 1074 409 tormentis
1095 374 1227 410 bellicis
1246 375 1330 421 quid
1344 377 1396 415 >sit
1414 375 1496 422 477,

799 463 1019 511 Epitaphium
1042 465 1233 511 Nicephori
1258 466 1415 509 phocae,
1438 480 1501 503 au-

846 515 941 544 ctore
968 511 1094 545 Ioanne
1118 511 1301 547 Melitenae
1325 520 1497 560 metropo-

826 555 906 589 .lita
922 554 1011 598 453,
1036 558 1091 593 16.

797 597 982 645 Ἐπιφορά
1021 601 1111 647 apud
1149 602 1304 637 rhetores
1343 603 1496 638 Graecos

843 646 932 681 idem
989 650 1055 681 uod
1088 644 1310 694 ἀναστροφὴ
1346 654 1383 684 et
1417 649 1498 686 ἐπι-

843 704 983 737 στροφη
1004 692 1092 734 477,
1113 693 1148 728 2.
1232 729 1235 734 ,

795 733 1014 782 Ἐπιχνοοὶζω
1031 738 1216 773 insolenter
1232 738 1357 774 dictum
1374 740 1496 775 aLeo-

841 795 885 818 ne
905 796 965 829 pro
984 783 1165 828 ἐπιχνοάω
1184 785 1270 825 476,
1292 787 1349 821 20.

796 828 968 873 Ἐπιωγαὶ
983 855 994 870 ,
1041 829 1238 864 vocabulum
1281 829 1498 867 Homericum

841 875 936 908 cuius
971 875 1044 909 loco
1089 876 1160 910 Leo
1197 875 1369 910 Diaconus
1411 875 1499 922 legit

839 917 999 964 ὑπιωγαὶ
1016 919 1104 962 428,
1130 922 1184 956 13.

794 965 888 1010 Equi
907 967 951 999 ad
970 966 1088 1000 collum
1116 977 1223 1011 usque
1240 964 1319 1000 nive
1336 976 1497 1011 mergun-

838 1017 894 1045 tur
919 1013 955 1046 in
984 1011 1180 1056 regionibus
1199 1011 1292 1045 circa
1309 1012 1494 1057 Danaprim

837 1057 918 1098 498,
942 1059 975 1092 9.
996 1069 1084 1102 equa
1099 1052 1309 1091 Chambdani
1329 1061 1399 1091 tum
1422 1069 1495 1092 ma-

836 1101 1014 1154 gnitudine
1055 1108 1126 1136 tum
1162 1101 1364 1155 pernicitate
1412 1114 1494 1136 con-

836 1149 1036 1243 ῗὲἐῑῖᾆῖἕῖἐ
1051 1147 1494 1237 ἐζειῖἓῗυῖζὲῗέἓοοῖῗὲἶ

835 1242 872 1271 to
895 1244 1012 1272 ve‘r‘ms
1030 1238 1267 1282 Nicephorus,
1290 1249 1364 1271 cum
1383 1238 1494 1283 Cplim

836 1282 920 1328 Imp.
940 1283 1084 1317 intraret
1098 1281 1163 1323 48,
1187 1283 1218 1316 1.
1244 1283 1411 1326 equestris
1429 1295 1493 1328 pu-

837 1339 926 1408 gpae
950 1339 1044 1363 usum
1079 1328 1203 1362 nullum
1235 1327 1363 1361 habent
1387 1328 1491 1362 Russi

790 1418 925 1453 Erasmi
951 1416 1168 1453 Roterodami
1202 1417 1316 1462 lapsus
1346 1417 1380 1452 in
1407 1430 1494 1454 ver-

833 1464 928 1498 sione
945 1465 982 1498 S.
1002 1463 1138 1497 Ioannis
1157 1463 1392 1508 chrysostomi
1411 1465 1493 1508 431,

834 1510 868 1544 5.
891 1508 959 1546 467
972 1535 983 1551 ,
1005 1511 1062 1545 33.
1444 1511 1447 1514 ’

790 1555 1026 1590 monasterium
1043 1551 1256 1600 Ἐρεβίνθου
1280 1565 1301 1588 a
1328 1555 1366 1591 S.
1383 1554 1492 1589 Nice-

834 1600 1088 1680 phoro4Mileti
1119 1600 1276 1646 episcopo
1320 1600 1492 1635 conditum

859 1647 924 1686 56,
970 1649 1005 1680 O·

786 1688 935 1734 Ἐρείδω
952 1691 1091 1724 verbum
1107 1689 1263 1724 iteratum
1279 1690 1437 1725 librarios
1453 1689 1491 1725 in

836 1747 982 1770 errorem
1001 1735 1133 1780 impulit
1149 1738 1234 1780 121,
1259 1737 1315 1772 12.

790 1782 809 1802 *
825 1781 1007 1824 Ἐρείπιος
1025 1780 1114 1822 433,
1138 1783 1192 1816 16.

790 1829 809 1848 *
823 1824 1011 1872 'Eorta-coco
1031 1832 1067 1860 et
1086 1825 1238 1873 ἐρειπόω
1263 1837 1373 1872 aeque
1388 1838 1489 1862 usur-

836 1872 911 1919 pari
927 1871 1015 1910 433,
1038 1873 1071 1907 9.

789 1918 940 1952 Eremita
967 1917 1198 1961 Nicephorum
1227 1917 1376 1952 Phocam
1403 1917 1487 1964 Imp.

834 1963 960 1998 tradito
989 1963 1141 2007 epistolio
1171 1964 1214 1996 de
1239 1963 1489 2008 conspiratione

834 2014 945 2042 monet
966 2009 1030 2050 83,
1053 2009 1086 2043 5.
1113 2008 1328 2042 Prasinacius
1348 2010 1488 2043 eremita

833 2055 877 2088 ad
909 2054 1032 2088 fretum
1058 2054 1257 2096 Siciliense,
1284 2055 1486 2100 praedicens

831 2099 946 2145 futura
965 2098 1055 2141 442,
1076 2101 1133 2135 25.

784 2141 1042 2203 Ἐςμητάριογ,
1072 2145 1288 2201 Μετ’σιινίοῑιιε
1315 2141 1379 2202 411
1394 2169 1404 2184 ,
1426 2142 1482 2179 44.

830 2189 1480 2274 32533183‘133ss‘ss‘zffi‘sss‘fflle‘i.

783 2279 958 2325 Ἐρωδιὸς
974 2282 1048 2315 avis
1066 2281 1219 2315 fabulosa
1238 2281 1324 2319 438,
1351 2282 1383 2314 8.

785 2327 956 2361 Ετόῐίευε.
984 2328 1001 2359 l
1008 2328 1068 2361 ‘ide
1083 2327 1297 2371 Nicephorus
1309 2322 1478 2358 Eroticus.

782 2369 907 2407 Ἑστία
932 2383 993 2417 pro
1020 2373 1117 2406 domo
1136 2376 1296 2416 usurpata
1314 2368 1401 2408 482,
1425 2369 1480 2402 23.

781 2415 1000 2464 Ἐσαὶβιγλα,
1022 2418 1186 2451 stationes
1206 2416 1382 2450 interiores
1401 2414 1482 2454 225,

833 2466 887 2500 10.
939 2463 1023 2497 Vide
1042 2474 1168 2507 quoquc
1183 2459 1371 2494 Excubiae.

781 2506 1008 2554 Ἑταιρικόν·
1047 2519 1107 2552 pro
1135 2518 1174 2540 eo
1201 2515 1374 2550 perperam
1399 2502 1483 2536 scri-

831 2558 924 2600 ptum
940 2550 1114 2598 ἡτερηκόν
1129 2549 1192 2590 24,
1218 2552 1272 2585 19.

782 2596 961 2644 Ἑταίρων
979 2605 1014 2632 et
1026 2596 1155 2639 ἑτέρων
1172 2595 1312 2628 confusa
1327 2594 1406 2635 231,
1425 2594 1482 2627 22.

832 2645 967 2687 ἑτέροις
986 2648 1020 2677 et
1040 2642 1196 2684 ἑταίροις
1217 2641 1300 2679 156,
1324 2640 1382 2674 20.

786 2687 915 2771 9105}
940 2688 993 2770 ἔξει
1020 2688 1166 2722 sortasse
1189 2684 1369 2730 legendum
1386 2680 1428 2720 δέ
1446 2695 1483 2718 τι

833 2740 851 2772 1
909 2759 920 2776 ‚
990 2758 998 2767 ·
