1768 3034
300 133 395 178 170
787 134 992 181 LEONIS
1022 133 1261 178 DIACONI

82 256 120 287 A.
137 252 181 285 M.
200 249 291 287 6484
300 247 500 297 ἐξέπνευσε
524 245 597 301 τὴν
616 240 863 300 παράταξιν,
902 243 1096 285 πλείστων
1130 241 1192 284 ὅτι
1215 240 1296 286 τῶν
1318 240 1578 285 ὖπασπιστῶν
1607 256 1731 283 συνα-

148 298 215 331 Iud’
229 295 253 332 4
297 314 565 371 ναιρεθέντων
581 314 691 371 αὐτῷ
705 326 714 336 ·
759 316 879 354 τοῦτο
900 311 942 352 δὲ
961 308 1040 352 ὑπὸ
1069 308 1217 365 Βάρδα
1234 311 1477 366 Μαγίστρου
1497 313 1571 352 τοῦ
1590 312 1730 360 Φωκᾶ,

299 382 345 432 ὃς
362 382 461 438 πρὸς
487 386 568 423 τῶν
585 376 839 436 κρατούντων
859 378 905 420 τὸ
929 381 1001 420 τοῦ
1017 379 1269 431 Δομεστίκου
1288 382 1370 420 τῶν
1395 381 1558 432 Σχολῶν
1576 374 1733 427 &aogm-

298 448 470 504 σάμενος
484 450 664 502 ἀξίωμα,
714 446 930 494 ἀντίπαλος
954 449 1012 503 τῷ
1045 448 1215 504 Σκληρῷ
1246 445 1351 487 κατὰ
1378 444 1452 500 τὴν
1478 441 1735 499 Παγκάλειαν

298 515 564 574 παρετάξατο.
625 512 848 568 ἱππήλατον
870 517 989 555 τοῦτο
1013 514 1171 565 πεδίον,
1208 517 1267 570 τῷ
1285 512 1470 570 Ἀμωρίῳ
1489 511 1733 566 προσέγγιον.
1747 519 1768 556 5

299 584 401 627 ὅπου
422 585 470 638 δὴ
488 584 554 624 καὶ
573 583 685 639 παρὰ
707 581 753 624 τὸ
768 582 1003 635 μεταίχμιον
1023 579 1164 638 ῥάβδῳ
1182 580 1287 623 κατὰ
1306 584 1379 622 τοῦ
1397 580 1561 636 κρανίου
1579 579 1739 633 πληγεὶς

301 651 324 694 ὃ
342 655 501 702 Φωκᾶς,
526 655 598 692 τοῦ
613 652 737 692 ἵππου
759 666 802 691 τε
821 649 1041 702 κατενέχθη
1062 649 1128 689 καὶ
1148 650 1203 696 εἷς
1218 652 1292 703 γῆν
1309 646 1543 702 κατεβλήθη
1557 659 1567 670 ·
1587 647 1654 688 καὶ
1663 643 1737 687 κᾶν

299 719 384 774 ἥλω
404 723 484 761 τῶν
501 719 688 760 ἐναντίων
710 718 777 759 καὶ
801 717 949 765 ἀκλεῶς
967 713 1246 771 παραπώλετο,
1267 717 1301 757 εἰ
1315 715 1372 770 μὴ
1394 713 1450 764 ὥς
1471 712 1526 763 εἷς
1541 717 1622 756 τῶν
1638 717 1739 755 πολ-

301 791 383 829 λῶν
400 783 609 842 παρώφθη
630 785 742 841 παρὰ
762 789 843 826 τῶν
862 786 1079 837 δυσμενῶν,
1106 781 1359 837 ἠγνοηκότων
1381 782 1517 833 αῧτόν,
1544 781 1739 823 ἐπελθοῦ-

302 871 357 897 σα
379 856 424 897 δὲ
443 852 468 909 ἦ
498 854 570 903 νὺξ
588 857 732 895 τοῦτον
756 852 953 894 διέσωσεν.
1003 848 1024 892 ὃ
1043 851 1086 891 δὲ
1107 849 1289 905 Σκληρὸς
1297 883 1311 902 ,
1349 857 1437 899 ταῖς
1454 846 1660 897 τοιαύταις
1677 848 1736 889 νί-
1751 857 1768 892 1

265 929 394 971 Οκαις
415 922 605 976 ἐπαρθείς
620 937 662 963 τε
682 922 749 963 καὶ
767 922 1001 976 φρενωθεὶς,
1029 915 1307 967 ἀνυπόστατός
1325 934 1385 966 τις
1405 919 1471 959 καὶ
1491 913 1739 972 ἃκαταγῶνι-

304 1006 400 1038 στος
430 990 639 1043 ἐνομίζετο.
693 989 879 1030 ἐντεῦθεν
912 985 986 1042 τήν
1027 1002 1070 1028 τε
1101 986 1296 1038 Νίκαιαν,
1347 986 1413 1027 καὶ
1427 984 1626 1038 Ἄβυδον,
1673 981 1739 1025 καὶ

301 1055 529 1100 Ἀττάλειαν
557 1060 615 1113 τῷ
646 1060 827 1109 πολεμεῖν
860 1052 1164 1111 παρεστήσατο,
1203 1054 1270 1094 καὶ
1299 1052 1374 1107 τὴν
1401 1057 1475 1107 τῆς
1490 1051 1626 1100 Ἀσίας
1650 1051 1738 1092 ἔπεμ-

305 1122 501 1179 ποιήσατο
522 1122 745 1177 Ῥωμαϊκὴν
768 1120 1017 1178 ἐπικράτειαν
1032 1135 1042 1145 ·
1077 1122 1144 1163 καὶ
1172 1121 1359 1169 πλείστας
1387 1117 1558 1175 τριήρεις
1577 1118 1738 1175 προσεί-

305 1197 432 1248 ληφε,
469 1193 536 1233 καὶ
560 1194 911 1246 θαλασσοκρατῶν
936 1188 1092 1245 μεγάλα
1123 1187 1219 1237 τοὺς
1244 1186 1443 1244 ἐμπόρους
1469 1188 1639 1238 ἐσίνετο,
1675 1186 1768 1227 nai!

305 1260 433 1313 αὐτὴν
452 1259 530 1313 ἤδη
553 1258 627 1313 τὴν
649 1255 957 1311 βασιλεύουσαν,
995 1257 1068 1306 τὰς
1088 1255 1274 1311 σιτηγοὺς
1296 1256 1493 1311 φορτίδας
1510 1253 1582 1296 οὒκ
1596 1254 1671 1295 ἐῶν
1688 1255 1742 1302 εἷς

305 1326 432 1381 αὐτὴν
454 1326 660 1368 ἀναπλέειν
678 1325 782 1367 κατὰ
801 1325 847 1367 τὸ
861 1323 1070 1381 πρότερον·
1088 1324 1162 1372 ἕως
1179 1317 1226 1365 οὗ
1245 1323 1288 1364 ἔκ
1298 1322 1523 1374 Βυζαντίου
1541 1318 1743 1377 πυρφόροι

304 1399 395 1448 νῆες
415 1394 516 1450 πρὸς
529 1398 609 1436 τῶν
634 1391 889 1448 κρατούντων
911 1393 1122 1448 λαθραίως
1134 1388 1470 1444 ἒξαπεστάλησαν.
1507 1388 1557 1438 ἃς
1575 1386 1745 1442 Βάρδας

303 1460 546 1517 Μάγιστρος
570 1459 590 1503 ὃ
610 1459 957 1517 Παρσακουτηνὸς
978 1459 1085 1514 ἄγων
1094 1491 1108 1510 ,
1146 1459 1346 1514 αἰφνίδιον
1369 1461 1420 1513 τῇ
1434 1455 1594 1513 Ἀβύδῳ
1614 1470 1744 1511 προσ-

306 1532 515 1585 ορμισθεὶς
526 1561 542 1581 ,
577 1526 651 1577 τάς
671 1545 713 1570 τε
732 1525 903 1584 τριήρεις
923 1531 995 1569 τοῦ
1015 1523 1212 1582 τυράννου
1233 1525 1456 1580 κατέφλεξε,
1485 1524 1550 1565 καὶ
1569 1522 1643 1577 τὴν
1662 1526 1768 1564 τῶνΕ

266 1603 299 1637 D
312 1601 571 1654 στρατιωτῶν
584 1594 838 1650 κατηκόντισε
852 1594 1051 1652 φάλαγγα,
1074 1595 1140 1634 καὶ
1153 1592 1199 1634 τὸ
1212 1590 1405 1649 φρούριον
1417 1590 1585 1647 εἴληφεν.
1623 1584 1746 1638 αὖθις

91 1675 162 1707 Fol.
178 1672 246 1708 319
267 1685 296 1708 v.
312 1667 355 1707 δὲ
384 1663 404 1707 ὅ
430 1668 603 1716 Φωκῆς,
636 1670 753 1719 χεῖρα
779 1664 867 1718 περὶ
893 1660 1014 1704 αὑτὸν
1046 1662 1232 1715 πλείστην
1250 1662 1507 1715 στρατιωτῶν
1525 1656 1741 1713 ἠθροικὼς,

308 1737 366 1790 τῷ
390 1736 563 1789 saiw-f,
595 1731 814 1772 ἐπιτίθεται
825 1762 838 1782 ,
875 1732 942 1771 καὶ
971 1733 1116 1771 τοῦτον
1143 1726 1395 1784 τρεψάμενος
1428 1726 1469 1768 ἓν
1485 1721 1744 1779 Ἐκβατάνοις

310 1800 411 1857 πρὸς
432 1800 528 1849 τοὺς
545 1798 787 1855 Ἀγαρηνοὺς
809 1805 945 1853 φυγεῖν
968 1794 1272 1852 παρεσκεύασεν.
1383 1786 1387 1790 -

404 1908 458 1944 13.
490 1906 578 1950 Leg.
602 1902 864 1951 ὑπεποιήσατο.
905 1904 986 1940 vid.
1010 1904 1087 1940 107.
1108 1903 1150 1937 Β.
1173 1902 1232 1937 lin.
1259 1903 1313 1939 12.
1338 1901 1415 1937 108.
1439 1900 1478 1935 A.
1500 1899 1559 1934 lin.
1581 1899 1616 1934 5.

312 1996 465 2031 deiectus
483 2007 581 2040 equo,
602 1997 639 2031 in
656 1997 732 2042 ipsa
748 1996 823 2030 acie
835 1995 975 2030 animam
991 1993 1140 2035 efflavit3
1164 1994 1373 2038 protectores
1388 1993 1499 2024 autem
1515 1986 1745 2034 quamplurimi

314 2053 383 2075 una
411 2052 484 2074 cum
505 2041 563 2075 illo
582 2043 828 2076 occubuerunt:
861 2041 982 2074 deinde
1001 2040 1063 2073 sub
1082 2039 1195 2074 Barda
1214 2038 1328 2071 Phoca
1348 2035 1536 2080 Magistro,
1558 2033 1617 2079 qui
1633 2043 1706 2065 cum
1724 2043 1746 2066 a

313 2086 527 2132 principibus
545 2086 744 2131 dignitatem
759 2086 943 2120 Domestici
961 2085 1156 2119 scholarum
1176 2083 1372 2127 recepisset,
1396 2079 1468 2114 acie
1482 2079 1642 2113 adversus
1650 2077 1747 2110 Scle—

314 2143 387 2166 rum
400 2132 435 2164 in
451 2131 616 2166 Pancalea
636 2133 798 2166 constitit.
844 2133 878 2165 Is
895 2130 1086 2176 equitabilis
1104 2132 1244 2174 propter
1258 2126 1424 2161 Amorium
1442 2135 1574 2169 campus
1591 2127 1655 2156 est.
1693 2121 1747 2155 Ibi

314 2178 403 2211 inter
413 2177 536 2210 infesta
545 2178 612 2211 tela
625 2182 725 2222 caput
734 2178 824 2221 ligno
839 2187 1017 2221 percussus
1026 2175 1157 2209 Phocas
1173 2185 1214 2206 ex
1227 2184 1314 2216 equo
1331 2170 1470 2214 cecidit:
1489 2168 1575 2203 humi
1601 2180 1644 2201 ue
1657 2171 1747 2201 stra-

315 2227 372 2256 tus
387 2225 506 2266 captus
522 2227 612 2255 esset
629 2223 671 2256 ab
689 2223 849 2263 hostibus,
871 2221 1120 2264 interiissetque
1135 2218 1340 2263 ignobiliter,
1349 2215 1413 2249 nisi
1426 2220 1465 2249 ut
1478 2220 1561 2248 unus
1602 2225 1621 2246 e
1634 2212 1748 2246 multis

314 2268 486 2312 neglectus
505 2271 595 2300 esset
613 2268 656 2300 ab
672 2267 889 2306 adversariis,
913 2267 1002 2312 quod
1019 2265 1164 2310 speciem
1179 2264 1251 2297 eius
1266 2262 1473 2306 ignorarent,
1495 2259 1682 2304 fuissetque
1703 2257 1747 2290 ab

314 2317 413 2347 nocte
435 2312 698 2356 superveniente
716 2317 881 2346 servatus.
927 2313 973 2346 At
991 2311 1147 2350 Sclems,
1171 2309 1278 2342 elatus
1300 2305 1461 2340 eiusmodi
1475 2303 1626 2338 victoriis
1643 2306 1748 2347 atque

314 2359 535 2398 obcaecatus,
566 2357 688 2391 fortior
704 2357 770 2390 iam
787 2358 984 2398 habebatur,
1007 2366 1104 2401 quam
1127 2357 1166 2387 ut
1181 2354 1217 2387 vi
1233 2353 1300 2386 ulla
1316 2351 1480 2395 armisque
1498 2347 1652 2395 superari
1668 2357 1748 2392 pos-

314 2407 380 2437 set.
431 2403 487 2435 Ex
516 2414 583 2446 quo
606 2406 642 2435 et
660 2402 843 2443 Nicaeam,
868 2402 1041 2447 Abydum,
1065 2400 1230 2434 Attaleam
1247 2397 1335 2431 bello
1354 2396 1463 2441 cepit,
1487 2399 1524 2428 et
1538 2392 1697 2439 quicquid
1713 2391 1749 2424 in
1765 2424 1768 2427 .

315 2448 396 2482 Asia
415 2447 572 2481 Romanis
594 2451 689 2491 paret
714 2448 887 2480 subiunxit
918 2448 1004 2480 sibi:
1029 2445 1125 2478 simul
1141 2443 1296 2478 assumtis
1313 2441 1504 2475 triremibus
1520 2440 1605 2472 bene
1623 2436 1748 2476 multis,

315 2493 557 2537 dominansque
567 2492 661 2533 mari,
680 2492 765 2526 male
780 2504 853 2525 cum
871 2492 1099 2535 negotiatores
1118 2494 1186 2523 tum
1199 2489 1305 2533 ipsam
1323 2488 1388 2520 iam
1408 2484 1522 2520 urbem
1536 2481 1686 2521 vexavit,
1704 2481 1750 2514 ad

315 2550 415 2583 quam
441 2538 633 2582 appellere,
656 2541 695 2570 ut
717 2539 878 2578 antehac,
901 2538 1042 2570 navibus
1063 2533 1288 2569 frumentariis
1305 2531 1436 2578 minime
1451 2528 1601 2575 permisit
1609 2540 1630 2580 z·
1643 2527 1750 2577 donec

313 2584 461 2626 ignifera
485 2583 603 2617 classis
626 2582 709 2616 clam
736 2594 757 2615 a
772 2582 979 2626 principibus
1006 2579 1296 2623 Constantinopoli
1318 2577 1438 2611 emissa
1457 2579 1519 2609 est.
1565 2573 1632 2606 Cui
1649 2571 1750 2603 classi

314 2629 506 2671 praefectus
523 2628 654 2661 Bardas
670 2628 929 2667 Parsacutenus‚
947 2627 1127 2670 Magister,
1150 2625 1331 2668 derepente
1350 2622 1509 2655 devectus
1525 2617 1569 2652 ad
1586 2615 1752 2670 Abydum,

317 2673 468 2706 triremes
485 2673 623 2717 tyrmmi
638 2672 797 2714 incendit,
812 2672 1081 2706 adversariorum
1090 2669 1332 2704 multitudinem
1349 2664 1509 2705 confodit,
1526 2671 1752 2715 arcem-npsam

315 2718 434 2750 tenuit.
488 2719 657 2752 Posthaec
681 2719 833 2759 Phocas,
865 2717 1008 2751 maxima.
1036 2727 1134 2750 manu
1152 2715 1293 2748 militum
1310 2713 1403 2746 circa
1418 2723 1454 2744 se
1472 2711 1610 2748 coacta,
1631 2710 1753 2739 iterum

315 2762 459 2796 adortus
472 2764 624 2797 Selorum
650 2768 724 2805 est,
748 2765 924 2809 fusumque
941 2762 1118 2796 Ecbatana
1141 2760 1183 2794 ad
1204 2761 1393 2794 Saracenos
1413 2757 1533 2800 fugere
1550 2752 1677 2798 coegit.
