1768 3034
330 172 393 218 68
803 176 1019 229 ,LEOle
1048 175 1285 219 DJACONI

332 282 611 327 ἀταπείνωτον.
680 279 821 332 Αὖθις
851 283 896 325 δὲ
916 281 1018 324 κατὰ
1040 285 1122 325 τῶν
1140 281 1214 336 τὴν
1234 282 1387 339 Συρίαν
1407 279 1622 326 οἵκούντων
1637 281 1754 337 Ἀγα-

333 355 463 407 ρηνῶν
484 349 644 407 ἐξήρτυε
663 351 733 393 τὸν
754 348 940 406 στρατόν.
1174 365 1177 366 ’

118 447 154 478 A.
174 446 216 478 Μ.
234 443 324 480 6476
430 437 489 481 θ’.
526 438 648 480 Κατὰ
680 439 725 480 δὲ
754 438 823 480 τὸν
851 436 973 479 αὐτὸν
993 433 1163 493 χρόνον,
1200 436 1291 494 ι’ἰρτι
1312 441 1385 491 τῆς
1412 441 1575 494 θερινῆς
1601 441 1754 493 τροπῆς

139 492 234 569 img-
243 492 322 570 19157
333 503 663 559 μεταβαλλούσης
682 506 742 546 ἐπὶ
762 504 808 546 τὸ
833 502 1088 559 μετόπωρον,
1124 504 1268 546 ἔσεισεν
1287 502 1307 546 ὅ
1335 504 1436 553 Θεὸς
1455 505 1579 560 μέγα,
1617 503 1672 553 ὥς
1689 505 1756 545 καὶ

164 583 188 612 Ι.
209 582 251 613 Ν.
274 581 297 615 5
343 573 468 620 οἰκίας
497 574 563 613 καὶ
592 571 694 626 ἄστη
732 570 1019 627 ἀνατραπῆναι.
1087 568 1411 613 Κλαυδιούπολίν
1442 588 1507 623 τε,
1544 570 1592 613 τὸ
1621 571 1768 613 addat-2

199 652 242 686 P.
269 648 316 688 42
336 639 583 692 μονέστατον
606 638 757 694 χωρίον
778 642 859 679 τῶν
890 641 1107 689 Γαλατῶν,
1145 635 1235 679 τότε
1263 638 1432 692 συνέβη,
1470 641 1755 694 κατεριπωθεῖ-

334 721 411 747 σαν
441 706 483 746 ἔκ
511 709 585 759 τῆς
613 702 891 746 ἀνυποστάτου
920 702 1106 758 κινήσεως
1134 706 1200 745 καὶ
1228 701 1412 756 ε’νόσεως,
1451 706 1649 760 αἰφνίδιον
1673 707 1755 746 τῶν

333 769 553 827 οἷκητόρων
578 769 709 827 τάφον
727 771 934 826 γενέσθαι,
972 772 1037 811 καὶ
1055 771 1225 819 πολλοὺς
1243 775 1324 813 τῶν
1349 769 1555 825 ε’πηλύδων
1572 787 1755 827 παρατυ-

327 835 475 892 χόντας
496 839 538 879 ἐν
562 838 703 893 ἀκαρεῖ
721 840 1010 893 διαφθαρῆναι.
1054 837 1182 879 αἴτιον
1210 839 1254 879 δὲ
1281 842 1353 891 τῆς
1372 836 1570 892 τοσαύτης
1590 836 1755 885 ε’νόσεως

332 906 397 946 καὶ
428 902 615 958 κινήσεως
644 904 795 957 ἀτμοὺς
823 905 896 957 μὲν
918 904 956 945 οἳ
974 905 1252 957 μαθηματικοὶ
1279 906 1344 946 καὶ
1366 902 1655 958 ἀναθυμιάσεις
1674 919 1768 957 μυ-;

328 971 553 1025 θολογοῢσί
569 987 702 1022 τινας,
741 970 1088 1023 ἓναποκλειομὲνας
1116 977 1200 1018 τοῖς
1227 968 1387 1019 κόλποις
1407 975 1479 1024 τῆς
1497 975 1592 1025 γῆς,
1631 966 1753 1017 αὖθίς

328 1055 370 1080 τε
390 1040 444 1086 εἷς
462 1041 615 1091 πνεῦμα
635 1037 862 1091 καταιγίδος
880 1037 1188 1095 συνισταμένας,
1227 1037 1307 1078 ἐπεὶ
1325 1037 1383 1090 μὴ
1405 1035 1560 1092 ἀθρόον
1578 1038 1753 1090 συμβαί-

327 1122 382 1146 νει
411 1104 484 1158 τὴν
513 1104 706 1158 διαπνοὴν
733 1102 887 1145 τούτων
916 1103 1128 1159 ἐκτρέχειν,
1166 1103 1234 1144 διὰ
1263 1103 1336 1157 τὴν
1357 1107 1437 1145 τῶν
1461 1101 1597 1159 πόρων
1615 1101 1752 1145 στενό-

326 1188 452 1225 τητα,
490 1170 760 1212 συνειλεῖσθαί
778 1187 818 1211 τε
846 1171 911 1211 καὶ
938 1171 1249 1224 περιδινεῖσθαι,
1291 1171 1358 1211 καὶ
1382 1170 1432 1211 τὰ
1450 1174 1565 1212 κοῖλα
1592 1172 1753 1226 περιδο·

326 1245 404 1279 νεῖν
421 1236 522 1290 μετὰ
542 1239 725 1293 σφοδρᾶς
753 1241 825 1290 τῆς
845 1235 1053 1290 κινήσεως,
1091 1237 1157 1277 καὶ
1176 1235 1223 1277 τὸ
1247 1236 1520 1292 ἐπιπροσθοῦν
1539 1238 1604 1277 καὶ
1623 1236 1768 1292 περιε’--.Δ

289 1317 318 1349 Β
323 1321 398 1357 χον
417 1302 523 1345 ἅπαν
548 1301 726 1344 σαλεύειν
740 1334 752 1354 ,
791 1303 864 1351 ἕως
884 1302 933 1344 ἂν
962 1304 1004 1343 ἐκ
1033 1307 1104 1343 τοῦ
1127 1303 1224 1350 τέως
1243 1303 1439 1358 ε’ίργοντος
1457 1301 1749 1354 διεκπνεύσωσι,

324 1372 390 1412 καὶ
409 1370 510 1426 πρὸς
531 1370 581 1411 τὰ
604 1369 755 1419 ἔξωθεν
772 1369 1063 1421 ἐξατμισθέντα
1083 1368 1136 1416 εἷς
1153 1369 1223 1410 τὸν
1244 1367 1409 1423 ὁμογενῆ
1429 1370 1752 1411 διασκεδασθεΐεν

323 1437 434 1492 ἀέρα.
501 1435 604 1477 ἀλλὰ
639 1440 769 1477 ταῦτα
799 1435 872 1488 μὲν
897 1433 923 1488 ἦ
954 1439 1034 1476 τῶν
1056 1432 1253 1488 Ἑλλήνων
1290 1436 1546 1488 εῗκαιομυθία
1575 1436 1676 1491 πρὸς
1703 1426 1751 1477 τὸ

322 1501 449 1557 ταύτῃ
480 1504 626 1543 δοκοῦν
661 1499 892 1556 ἔξηγῆσατο.
940 1500 1015 1555 ἐγώ
1039 1501 1082 1541 δὲ
1104 1505 1161 1557 τῷ
1184 1501 1285 1558 θείῳ
1307 1503 1447 1554 Δαβὶδ
1473 1501 1748 1556 συνεπόμενος,

323 1571 515 1624 ἐπισκοπῇ
544 1568 669 1624 φαίην
697 1572 768 1609 τοῦ
803 1569 907 1610 Θεοῦ
932 1567 1032 1623 πρὸς
1048 1564 1156 1621 ἡμᾶς
1175 1567 1245 1609 τὸν
1271 1573 1465 1611 τοσοῦτον
1486 1567 1627 1611 κλόνον
1648 1570 1768 1624 &ml-1

321 1640 486 1686 νεσθαι,
525 1634 622 1676 ὅταν
651 1636 713 1675 ἐπὶ
742 1640 825 1682 τοῖς
855 1628 970 1687 ἡμῶν
992 1632 1274 1689 ἓπαγρυπνήσῃ
1295 1633 1577 1689 ἐπιτηδεύμασι
1587 1666 1601 1686 ,
1638 1634 1752 1691 παρὰ

322 1702 394 1744 τὸν
419 1706 532 1743 θεῖον
562 1701 777 1756 δρωμένοις
806 1700 984 1754 θεσμὸν,
1024 1701 1064 1741 εἶ’
1084 1717 1168 1748 πως
1191 1700 1293 1742 ἀλλὰ
1311 1700 1439 1756 ταύτῃ
1459 1701 1658 1751 δείσαντες
1677 1701 1749 1743 ἄν-

322 1774 484 1825 θρωποι
507 1772 588 1809 τῶν
614 1768 688 1821 μὲν
717 1765 883 1823 φαύλων
910 1766 1034 1822 ἔργων
1063 1766 1292 1823 ἀφέξοιντο,
1327 1767 1561 1818 οἷνθέξοιντο
1593 1769 1639 1810 δὲ
1667 1772 1747 1810 τῶν

413 1896 465 1931 13.
496 1892 621 1930 πόνων
643 1894 716 1928 cod.
790 1895 846 1930 22.
881 1893 1006 1936 εἴπως
1024 1890 1112 1930 ἀλλὰ
1133 1898 1185 1930 est
1205 1895 1271 1930 iam
1289 1906 1391 1941 supra
1419 1898 1473 1932 11.
1495 1896 1536 1931 B.
1602 1896 1659 1932 23.
1682 1892 1746 1931 ἄν·

405 1940 558 1983 θέξοντο
582 1941 657 1974 cod.

315 2039 367 2116 ss’tt
422 2037 476 2071 Ita
505 2048 619 2071 rursus
649 2037 810 2072 adversus
841 2039 1015 2084 Agarenos
1048 2039 1182 2083 Syriam
1219 2037 1410 2073 habitantes
1440 2037 1617 2073 adornavit
1646 2050 1745 2074 exer-

317 2095 349 2116 cl
365 2093 429 2115 um.
1669 2094 1673 2098 .

406 2140 440 2173 9.
462 2138 591 2171 Eadem
605 2140 815 2182 tempestate,
834 2138 923 2172 inter
932 2138 1107 2172 solstitium
1123 2138 1286 2172 aestivale
1295 2141 1331 2171 et
1341 2140 1544 2180 autumnum,
1561 2141 1743 2173 terraemo-

315 2181 371 2216 tus
389 2183 519 2216 exstitit
536 2194 674 2227 magnus
685 2207 695 2222 ,
720 2184 803 2215 adeo
819 2188 857 2216 ut
878 2183 978 2217 aedes
1005 2193 1140 2227 quoque
1156 2188 1191 2216 et
1206 2183 1331 2227 oppida
1345 2188 1587 2218 everterentur.
1632 2185 1743 2228 Atque

317 2228 449 2267 evenit,
471 2230 509 2260 ut
536 2227 784 2270 Claudiopolis,
808 2227 989 2261 ditissimus
1012 2228 1105 2260 locus
1127 2227 1306 2268 Galatiae,
1328 2231 1406 2261 tunc
1436 2227 1638 2262 intolerabili
1651 2233 1743 2262 motu

319 2276 355 2306 et
374 2271 585 2316 quassatione
613 2271 734 2311 diruta,
757 2272 851 2304 simul
869 2278 904 2305 et
918 2272 1093 2316 repentina
1110 2271 1230 2305 civium
1250 2272 1421 2316 sepultura
1438 2272 1548 2313 fieret,
1569 2278 1605 2306 et
1620 2273 1742 2306 multos

319 2317 520 2351 advenarum
546 2316 594 2348 ibi
625 2316 850 2359 deprehensos
878 2317 1091 2361 opprimeret.
1137 2317 1245 2349 Cuius
1269 2322 1337 2350 tam
1359 2328 1500 2361 magnae
1517 2317 1742 2350 commotionis

319 2360 610 2406 quassationisque
645 2371 778 2404 causam
813 2372 888 2394 esse
924 2372 1066 2405 vapores
1091 2365 1192 2404 atque
1217 2360 1340 2394 halitus
1365 2362 1524 2406 quosdam
1548 2361 1741 2396 fabulantur

318 2405 554 2445 mathematici,
575 2405 611 2437 in
631 2405 757 2448 gremio
778 2409 887 2438 terrae
909 2406 1101 2438 conclusos:
1125 2406 1186 2438 hos
1202 2407 1340 2449 posthac
1353 2405 1389 2439 in
1406 2406 1558 2450 spiritum
1576 2406 1739 2451 procello-

317 2461 390 2483 sum
408 2453 565 2483 coEuntes
576 2473 587 2490 ,
610 2449 668 2482 ubi
696 2460 761 2482 non
779 2461 904 2482 omnem
922 2450 1019 2483 simul
1034 2450 1212 2492 contigerit
1227 2450 1405 2494 perflatum
1421 2451 1585 2491 emittere,
1605 2451 1647 2483 ob
1667 2450 1739 2494 spi-

310 2494 477 2528 'raminum
502 2494 691 2538 angustias,
713 2493 789 2526 ideo
813 2494 1014 2538 constipari,
1038 2494 1237 2538 circumagi,
1260 2495 1334 2528 loca
1350 2506 1433 2528 cava
1448 2495 1635 2529 vehementi
1650 2495 1738 2529 inci-

317 2539 446 2573 tatione
472 2550 692 2578 commovere,
715 2538 903 2581 superiecta
920 2542 955 2571 et
974 2538 1185 2572 circumiecta
1208 2550 1360 2583 quaeque
1379 2539 1612 2584 quatefacere‚
1632 2539 1737 2573 donec

320 2595 362 2617 ex
379 2583 535 2617 claustris
556 2588 806 2627 perrumpentes
823 2582 980 2627 forasque
999 2583 1146 2616 exhalati
1161 2583 1196 2616 in
1215 2589 1390 2627 cognatum
1402 2583 1466 2617 sibi
1487 2586 1596 2617 aetem
1613 2583 1738 2617 diffun-

317 2628 452 2661 dantur.
506 2628 631 2661 Verum
655 2627 738 2660 haec
760 2628 963 2660 Graecorum
984 2627 1233 2672 vaniloquentia
1254 2639 1296 2661 ex
1320 2627 1556 2672 probabilitate
1577 2628 1737 2662 eiusmodi
1758 2636 1768 2667 ,ξ

319 2673 512 2715 explicavit.
557 2672 724 2716 Equidem
740 2671 914 2712 Davidem,
938 2672 1083 2705 divinum
1099 2673 1218 2715 virum,
1242 2677 1449 2713 consecutus,
1471 2678 1626 2717 respectu
1643 2672 1739 2706 dixe-.
1762 2668 1768 2681 '

318 2716 380 2748 rim
396 2717 461 2750 Dei
489 2718 532 2749 ad
559 2728 618 2749 nos
637 2717 736 2750 talem
754 2717 999 2749 concussionem
1017 2717 1181 2757 existere,
1205 2718 1336 2761 quando
1363 2722 1496 2750 nostrae
1512 2716 1666 2762 invigilat
1684 2717 1738 2751 vi-
1763 2723 1768 2734 ‘

318 2764 395 2800 tae,
418 2761 554 2795 divinae
579 2761 649 2805 legi
672 2760 882 2803 adversanti,
905 2762 935 2795 si
959 2762 1047 2796 forte
1074 2767 1152 2796 tunc
1169 2762 1286 2796 saltem
1301 2761 1410 2796 territi
1435 2761 1600 2803 homines,
1621 2761 1737 2808 pravis
1758 2758 1768 2780 Γ
