1748 3094
417 191 495 238 AD
521 189 895 236 NICEPHORUM
920 190 1175 236 PHOCAM.
1410 186 1509 241 369

82 302 289 351 peccatum
313 299 470 347 meum)
498 297 735 336 distulimus.
788 294 898 335 Fecit
922 294 1023 347 hoc,
1050 295 1209 335 Domini
1230 298 1307 337 mei
1331 297 1510 350 Augusti,

79 364 305 405 revertendi
328 365 380 404 ad
403 378 501 414 vos,
528 370 568 403 et
593 361 756 403 videndi
782 362 978 402 ineffabile
1004 362 1240 403 desiderium
1252 379 1263 414 3
1302 372 1341 404 et
1367 366 1410 405 ni
1431 365 1509 405 hoo

79 431 209 469 solum
228 437 349 482 esset,
376 437 590 484 perpetuo,
616 436 665 469 ut
682 435 801 482 puto,
828 428 1024 482 perierim.
1075 430 1269 482 Pugnavit
1288 438 1426 472 contra
1444 436 1547 472 mec

82 497 326 536 insensatum
342 498 486 536 Auster
499 510 607 536 mare
623 496 783 535 flatibus
798 495 847 534 ab
863 496 953 534 imis
967 496 1133 535 turbans
1148 498 1312 539 sedibus.
1360 500 1511 547 Quum.

84 577 162 616 que
199 564 278 604 hoe
305 565 504 603 coutinuis
539 564 677 603 diebus
713 576 761 601 ac
789 562 972 601 noctibus
998 564 1163 615 faceret,
1197 566 1325 618 pridie
1347 567 1511 607 Kalend.

82 630 332 681 Decembris,
371 631 463 683 ipso
491 630 641 670 scilicet
668 629 860 683 passionis
889 629 975 678 die,
1002 629 1182 669 intellexi
1206 645 1293 671 meo
1314 633 1411 672 mihi
1433 634 1512 675 hoc

86 698 274 737 accidisse
299 698 457 737 delicto.
513 697 603 736 Sola
628 697 785 736 vexatio
808 697 1054 736 intellectum
1079 697 1188 736 dedit
1213 699 1376 739 auditui.
1430 701 1513 739 Pa-

83 777 165 803 mes
190 764 338 817 quippe
360 778 436 804 nos
454 765 704 804 vehementer
726 769 984 816 oppresserat.
1038 765 1180 803 Terrae
1205 765 1357 804 incolae
1373 773 1420 804 ut
1432 780 1512 806 no-

84 837 165 870 stra
181 831 294 870 nobis
315 833 530 882 auferrent,
562 831 784 871 interficere
802 844 876 869 nos
900 829 1123 880 cogitabant
1130 846 1142 881 ;
1170 845 1277 871 mare
1294 845 1343 871 ne
1363 832 1513 885 effuge-

82 910 224 947 remus,
250 898 437 939 fluctibus
454 899 663 939 aestuabat.
717 899 820 937 Tum
836 909 1044 936 conversus
1063 897 1114 935 ad
1130 898 1366 950 Ecclesiam,
1395 914 1513 952 quam

83 965 285 1016 videbam,
322 966 421 1005 flens
458 973 499 1005 et
535 966 683 1005 eiulans
712 965 891 1016 inquam:
940 964 1083 1002 Sancte
1122 964 1277 1004 Andrea
1312 966 1513 1019 Apostole‚

84 1032 399 1084 compiscatoris,
437 1033 665 1082 confratris,
702 1038 742 1071 et
771 1029 990 1083 coapostoli
1014 1029 1073 1068 tui
1100 1030 1268 1071 Simonis
1292 1033 1398 1073 Petri
1425 1048 1513 1073 sum

84 1112 236 1139 servus.
297 1099 491 1138 Passionis
512 1106 603 1139 tuae
627 1100 758 1138 locum
788 1111 868 1136 non
893 1095 1099 1147 abhorrui,
1127 1111 1202 1137 nec
1227 1100 1411 1153 superbia
1439 1101 1513 1139 de-

84 1165 251 1204 clinavi:
289 1165 370 1204 urit
395 1179 459 1205 me
484 1166 645 1204 domum
669 1164 858 1205 redeundi
885 1163 1109 1214 Augustalis
1134 1165 1254 1216 visio,
1283 1166 1550 1218 AugustalisD

86 1245 210 1271 amor.
267 1232 308 1269 Si
320 1236 368 1270 'te
395 1233 446 1271 ad
465 1233 771 1284 indignationem
798 1230 1013 1269 commovit
1033 1237 1238 1282 peccatum
1256 1246 1409 1283 meum,
1438 1234 1515 1273 eli-

87 1298 167 1337 ciat
193 1299 244 1337 ad
263 1299 567 1338 misericordiam
594 1312 771 1338 meorum
794 1297 976 1336 meritum
996 1295 1273 1347 Augustorum.
1328 1299 1416 1338 Non
1436 1299 1515 1338 ha-

85 1365 172 1415 bes,
201 1366 316 1405 fratri
338 1367 445 1418 quod
468 1367 668 1415 conseras3
700 1365 835 1403 confer
860 1362 1108 1414 diligentibus
1132 1364 1291 1402 fratrem
1316 1364 1514 1416 Augustis,

85 1432 325 1472 inhaerendo
353 1433 409 1483 ei,
439 1433 507 1484 qui
527 1433 658 1471 omnia
680 1432 805 1472 novit.
859 1429 972 1469 Nosti
993 1436 1039 1468 tu
1059 1436 1204 1481 quanto
1227 1430 1361 1470 labore
1386 1438 1425 1470 et
1443 1446 1514 1472 su-

87 1500 204 1549 dore,
232 1500 467 1552 quantisque
493 1500 637 1551 vigiliis
666 1505 705 1538 et
738 1497 926 1550 impensis
954 1497 1170 1535 Romanam
1196 1498 1328 1537 fratris
1355 1499 1415 1537 tui
1437 1500 1515 1538 Pe-

85 1567 142 1606 tri
156 1566 336 1619 Apostoli
353 1567 568 1606 Ecclesiam
595 1580 645 1605 ex
661 1566 872 1618 impiorum
890 1564 1068 1603 manibus
1091 1570 1263 1616 ereptam
1290 1565 1514 1616 ditaverint,

85 1632 384 1682 honoraverint,
420 1634 698 1682 exaltaverint,
736 1638 776 1671 et
804 1631 848 1670 in
875 1637 1017 1669 statum
1043 1632 1251 1683 proprium
1278 1633 1518 1671 reformave-

86 1700 180 1739 rint.
216 1700 257 1737 Si
275 1712 359 1738 mea
374 1713 436 1738 me
453 1701 713 1753 praecipitant
732 1712 870 1751 opera,
898 1697 1074 1749 ipsorum
1094 1698 1230 1737 saltem
1247 1699 1414 1737 h'berent
1431 1711 1517 1737 me-

88 1766 186 1805 rita:
211 1779 384 1818 quosque
397 1767 487 1805 vult
503 1768 747 1820 praedictus,
771 1764 849 1802 fide
877 1770 915 1801 et
933 1764 1117 1814 sanguine
1145 1765 1266 1804 frater
1290 1772 1382 1804 tuus
1396 1765 1515 1817 Apo-

88 1832 281 1871 stolorum
312 1832 497 1885 Princeps
524 1834 733 1886 Apostolus
756 1832 915 1879 Petrus,
952 1832 996 1868 in
1025 1831 1111 1869 aliis
1137 1831 1254 1870 rebus
1277 1832 1445 1882 gaudere
1478 1837 1519 1870 et

89 1898 334 1952 prosperari,
362 1899 404 1936 in
420 1899 514 1949 hac,
542 1900 587 1938 id
602 1907 681 1950 est,
708 1899 751 1937 in
768 1911 840 1947 me,
870 1910 985 1948 quem
1004 1897 1081 1949 ipsi
1100 1898 1335 1948 direxerant,
1359 1898 1518 1937 minime

91 1965 325 2005 contristari.
379 1967 468 2004 Non
490 1974 570 2016 est,
605 1966 765 2005 Domini
787 1964 862 2003 mei
882 1964 1048 2015 Augusti
1075 1965 1352 2016 Imperatores,
1379 1967 1556 2003 verumE

89 2033 203 2082 dico,
232 2046 313 2071 non
334 2038 393 2071 est
412 2033 585 2071 adulatio
604 2033 721 2083 haec,
749 2045 823 2071 nec
846 2044 993 2069 consuo
1017 2044 1124 2069 nunc
1140 2031 1326 2084 pulvillos
1345 2031 1416 2069 sub
1437 2045 1516 2070 cu-

90 2099 176 2138 bito
194 2113 356 2148 manus;
383 2111 464 2148 res,
491 2099 650 2151 inquam
662 2129 673 2149 ‚
701 2112 793 2138 vera
822 2103 898 2136 est:
926 2103 1018 2149 post
1035 2097 1195 2137 biduum
1212 2097 1350 2137 vestris
1366 2098 1518 2136 meritis

90 2171 201 2204 tanta
228 2172 289 2205 est
312 2167 456 2205 fretum
469 2166 756 2218 tranquillitate
778 2164 975 2212 sedatum,
1003 2170 1070 2214 ut,
1097 2178 1187 2203 cum
1206 2170 1344 2202 nautae
1363 2178 1386 2202 a
1404 2164 1517 2202 nobis

95 2232 345 2282 aufugerent,
380 2232 460 2284 ipsi
484 2234 677 2272 Leucaten
705 2244 828 2283 usque
857 2230 1144 2281 navigaremus,
1182 2234 1414 2272 milliaribus
1437 2234 1519 2272 sci-

94 2297 191 2335 licet
219 2304 376 2335 centum
402 2305 442 2336 et
470 2300 723 2351 quadraginta
751 2297 854 2335 nihil
882 2296 1117 2336 discriminis
1144 2306 1214 2338 aut
1244 2301 1423 2339 tristitiae
1445 2314 1520 2352 pa—

94 2363 253 2412 tientes,
282 2364 356 2401 nisi
375 2378 514 2416 parum
533 2367 576 2405 in
602 2365 779 2404 faucibus
801 2362 975 2402 fluminis
999 2363 1180 2414 Acheloi3
1207 2367 1275 2405 ubi
1294 2367 1519 2405 discurren-

94 2435 156 2467 tes
188 2429 376 2467 velociter
405 2430 549 2470 fluctus
583 2433 665 2472 eius
693 2431 810 2470 maris
841 2430 948 2468 unda
982 2431 1216 2473 reverberat.
1279 2433 1384 2480 Quid
1414 2445 1517 2482 ergo,

94 2501 367 2548 praepotentes
397 2495 583 2549 Augusti,
621 2497 842 2538 retribuetis
875 2495 1042 2535 Domino
1072 2511 1147 2550 pro
1181 2499 1360 2537 omnibus
1372 2527 1383 2546 ,
1421 2510 1520 2548 quae
1542 2505 1617 2541 col.
1638 2506 1661 2540 2

95 2562 279 2600 retribuit
298 2562 340 2599 in
365 2575 428 2600 me
446 2564 587 2602 vobis?
614 2565 742 2603 dicam
766 2564 875 2616 quid.
930 2561 1017 2600 Hoc
1038 2563 1140 2602 Deus
1166 2565 1255 2603 vult
1263 2593 1275 2614 ‚
1301 2564 1379 2601 hoc
1397 2563 1519 2614 petit3

97 2634 138 2666 et
161 2629 338 2679 quamvis
366 2628 450 2667 sine
475 2630 588 2668 vobis
614 2630 692 2669 hoc
717 2632 845 2669 facere
868 2629 1016 2682 possit,
1054 2630 1140 2668 vult
1168 2636 1297 2668 tamen
1325 2629 1442 2667 huius
1464 2630 1523 2668 rei

97 2707 180 2732 esse
199 2695 409 2747 hypurgos,
437 2695 479 2733 id
496 2702 552 2734 est
568 2697 766 2735 ministros
778 2710 791 2735 :
819 2697 903 2748 ipse
924 2698 1028 2736 enim
1052 2698 1158 2749 quod
1178 2698 1212 2735 ei
1233 2695 1417 2734 offeratur
1434 2695 1501 2733 dat
1508 2711 1520 2745 ;

100 2762 271 2799 custodit
293 2762 398 2812 qnod
413 2762 562 2812 exigat,
588 2769 637 2801 ut
653 2763 781 2815 possit
799 2777 986 2804 coronare
1005 2764 1111 2815 quod
1125 2768 1308 2815 praestat.
1360 2761 1522 2801 Adver-

189 2825 392 2869 Lnitpraadi
412 2826 569 2871 lagano.
1201 2828 1258 2872 24
