1748 3094
225 157 324 206 386
487 158 795 205 EXCERP-TA
820 157 902 202 Ex
930 155 1152 202 HISTOR2
1183 120 1423 201 ARABUM

230 282 340 316 cena,
376 267 493 307 iussis
522 263 796 303 tantummodo
827 261 978 300 colonis
1004 275 1132 300 serere
1159 267 1199 300 et
1228 262 1375 314 colere5
1413 261 1538 301 altero
1569 274 1674 300 anno

229 350 271 376 se
287 328 507 376 rediturum
535 339 574 372 et
592 334 722 383 fruges
743 336 1083 382 comportatumm
1103 342 1198 369 esse.

822 398 851 436 1.
872 399 900 437 l.
955 426 963 434 .
1071 427 1079 435 .

341 471 491 511 Eodem
509 481 611 506 anno
630 465 907 518 expugnabant
923 399 1067 504 {11}ch
1088 478 1217 504 arcem
1235 464 1382 512 Dahis,
1409 442 1581 513 aliasque
1596 466 1678 499 tres

231 539 382 578 circum
399 551 519 577 arces.

322 634 324 636 -
349 604 540 643 Eiusdem
564 600 657 639 anni
677 600 827 640 decimo
853 612 985 638 mense
1012 598 1241 638 auferebant
1260 596 1380 636 iidem
1408 595 1608 648 captivum
1627 607 1678 633 ex

228 665 326 711 urbe
343 671 526 725 Manbeg‚
552 668 625 727 scui
650 674 847 720 praeerat,
876 667 1193 706 Abu-Ferasum
1211 665 1412 721 Enetum,
1441 663 1568 701 filium
1589 662 1679 700 Sai-

165 743 168 747 ’
230 740 296 790 ai,
324 740 398 778 fini
416 736 622 778 Hamdani.
644 735 680 788 *)

815 803 843 842 1.
865 803 895 841 1.
949 832 958 842 .
978 802 1073 844 481.

237 923 239 925 ι
344 874 492 913 Eodem
514 885 616 910 anno
641 870 682 920 (i.
700 883 731 908 e.
753 816 944 919 CCCLH?
966 870 1034 921 qui
1054 868 1116 907 die
1134 873 1188 912 29
1205 869 1285 907 Ian.
1305 866 1352 907 A.
1372 866 1461 905 Chr.
1483 867 1566 910 963
1588 877 1678 903 coe-

230 939 307 993 pit)
339 934 578 998 occiderunt
606 938 745 977 Graeci
774 951 888 976 suum
910 938 1187 989 imperatorem
1213 937 1445 983 (Romanum
1464 928 1678 985 iuniorem)

231 1008 343 1059 eique
372 1007 494 1045 alium
521 1007 795 1056 subrogarunt.
852 1005 953 1043 Tum
978 1005 1082 1042 filius
1107 998 1411 1041 Schemeschkik
1430 996 1677 1053 (Tzimisces)

229 1074 355 1115 evasit
378 1074 632 1113 Domesticus.
653 1073 717 1121 **)
809 1099 811 1101 -

829 1139 857 1177 1.
873 1139 903 1179 1.
924 1153 962 1191 p.
982 1138 1076 1182 483.

342 1207 457 1247 Anno
485 1206 662 1245 CCCLIV
682 1204 782 1260 (qui
809 1206 872 1244 die
894 1210 920 1248 6
940 1206 1020 1246 Ian.
1044 1208 1090 1245 A.
1112 1205 1202 1244 Chr.
1228 1203 1310 1248 965
1339 1199 1497 1255 coepit)
1530 1201 1680 1239 Roma-

232 1288 309 1314 nus
333 1274 548 1326 imperator
568 1273 832 1329 (Nicephorus
855 1272 1021 1326 Phocas)
1045 1287 1189 1312 corona
1220 1272 1348 1311 cinxit
1368 1278 1406 1309 et
1424 1269 1580 1308 tandem
1605 1280 1680 1305 ex-

234 1342 428 1395 pugnavit
456 1342 660 1392 Masismu,
697 1342 760 1380 die
793 1342 971 1390 Saturni,
1013 1341 1161 1379 decimo
1193 1335 1498 1388 tertio·septimi
1522 1333 1679 1382 mensis,
1731 1354 1734 1356 -

182 1441 185 1442 ν
234 1417 273 1448 et
291 1415 545 1462 posteaquam
566 1409 696 1460 gladio
719 1409 762 1446 in
783 1408 932 1446 incolas
943 1408 1218 1462 ‘desaeviissen
1248 1406 1435 1459 parcebat
1457 1401 1621 1453 reliquis
1642 1405 1682 1438 et

236 1478 412 1530 captivos
435 1490 565 1515 secum
587 1478 629 1514 in
657 1476 847 1513 ditionem
874 1488 982 1512 suam
1005 1475 1191 1526 rapiebat.
1249 1475 1426 1511 Ducenta
1453 1467 1535 1508 fere
1556 1467 1680 1505 millia

233 1544 438 1584 hominum
456 1544 684 1583 numerabat
704 1543 811 1582 urbs,
869 1541 965 1579 Inde
988 1542 1098 1593 petiti
1121 1542 1325 1579 Tarsenses
1343 1552 1384 1577 se
1402 1534 1681 1574 submittebant

235 1618 296 1660 et,
324 1612 595 1650 incolumitate
613 1610 796 1662 precibus
812 1608 1043 1659 impetrata,
1075 1607 1263 1658 emigrare
1283 1606 1379 1644 iussi
1399 1610 1503 1657 sunt.
1560 1602 1682 1640 Terra

233 1678 412 1730 marique
431 1678 708 1728 emigrantibus
722 1681 1007 1728 prosecutores,
1025 1689 1046 1711 a
1064 1675 1206 1726 quibus
1224 1674 1268 1711 in
1283 1679 1368 1710 tuta
1383 1673 1475 1724 *loca
1503 1670 1680 1709 deduce-

235 1752 397 1795 rentur,
438 1759 459 1783 a
485 1747 659 1784 Romano
689 1756 814 1795 usque
845 1742 894 1779 ad
923 1741 1176 1781 Antiochiam
1208 1741 1345 1779 additi.
1401 1738 1512 1777 Tarsi
1543 1738 1680 1776 fanum

236 1818 335 1850 tunc
355 1813 398 1850 i'n
418 1813 616 1851 stabulum
638 1811 735 1849 abiit
748 1841 759 1861 ‚
789 1816 988 1860 suggestus
1009 1809 1052 1846 in
1077 1810 1230 1860 ignem3
1260 1808 1356 1847 urbs
1376 1807 1464 1845 aliis
1477 1804 1620 1843 incolis
1640 1809 1680 1842 et

279 1921 313 1965 ⁴)
337 1922 393 1955 Cf.
417 1922 624 1956 Elmacinum
641 1933 673 1966 p.
686 1922 754 1956 223
773 1923 808 1954 et
825 1918 894 1955 224
914 1919 1108 1963 (interpret.
1118 1919 1193 1952 Lat.
1215 1930 1248 1964 p.
1259 1917 1327 1954 278
1344 1920 1379 1951 et
1395 1928 1429 1961 p.
1443 1914 1540 1959 280.)
1553 1913 1611 1958 qui
1623 1925 1679 1947 se-

323 1973 478 2044 ptennem
495 1969 602 2001 fuisse
624 1967 854 2011 captivitatem
871 1966 946 1999 Abu
963 1984 980 1989 —
1000 1965 1119 1999 Ferasi
1140 1966 1208 2005 ait,
1230 1969 1265 1997 et
1284 1974 1371 1997 anno
1387 1963 1516 1997 demum
1537 1960 1604 1995 355
1623 1970 1680 1992 so-

341 2017 428 2045 utam
439 2037 449 2052 ,
473 2024 571 2057 quum
590 2012 790 2057 permutatio
808 2011 1015 2055 captivorum
1031 2011 1198 2044 Romanos
1217 2009 1314 2049 inter
1325 2013 1362 2041 et
1378 2007 1557 2041 Muslemos
1578 2004 1679 2038 insti-

324 2060 486 2090 tueretur.
534 2059 701 2092 Memorat
727 2057 902 2090 Cedrenus
922 2067 954 2100 p.
984 2056 1051 2090 637
1082 2056 1224 2099 aliquem
1247 2053 1451 2093 Chabdanif
1469 2051 1524 2084 vel
1549 2050 1678 2084 rectius

325 2101 529 2144 chamani,
553 2103 588 2137 h.
606 2115 634 2135 e.
653 2101 886 2136 Hamdanidae
902 2101 1141 2134 seifeddaulae
1162 2100 1317 2138 affinem,
1339 2109 1438 2143 quem
1454 2093 1678 2140 Ἀπολασοὶηρ

324 2148 492 2190 appellat,
525 2153 659 2192 captum
691 2152 726 2180 et
752 2146 1044 2191 Constantinopoli
1073 2145 1271 2189 productum
1298 2143 1335 2176 in'
1360 2143 1528 2186 triumpho
1557 2141 1678 2174 fuisse.

322 2191 487 2225 Diversus
501 2198 553 2226 est
571 2205 590 2226 a
608 2198 723 2238 nostro
743 2192 994 2232 Abu-Ferme,
1018 2192 1060 2224 de
1080 2191 1174 2223 cuius
1192 2188 1390 2233 captivitate
1408 2186 1547 2227 Graeci,
1571 2197 1679 2231 quan-

324 2240 395 2270 tum
413 2238 511 2277 novi,
535 2250 602 2271 nou
626 2243 819 2272 memorant.
864 2237 979 2277 Illius,
1003 2247 1101 2280 quem
1127 2235 1244 2268 laudat
1259 2234 1456 2273 cedrenus,
1478 2243 1596 2265 nomen
1624 2234 1679 2266 est

323 2281 448 2316 Abu'l-
459 2283 630 2325 Aschajer.
677 2282 919 2325 Genealogiam
938 2282 1010 2314 eius
1026 2292 1090 2314 non
1099 2280 1345 2323 constituerim.
1394 2277 1584 2311 Elmacinus
1602 2287 1678 2311 eum

323 2327 474 2372 appellat
490 2328 755 2370 Abulasajirum,
778 2328 881 2360 filium
907 2326 1056 2367 Haseni,
1083 2325 1247 2358 vicarium
1269 2324 1526 2363 Seifeddaulae,
1549 2321 1678 2355 scilicet

323 2372 358 2406 iu
377 2384 456 2406 arce
475 2373 542 2406 Tel
559 2391 577 2396 -
594 2373 710 2405 Patrio
726 2384 867 2417 eumque
885 2372 920 2405 in
934 2383 1068 2405 carcere
1088 2370 1378 2414 Constantinopoli
1396 2368 1535 2414 periisse
1550 2367 1610 2401 ait.
1629 2366 1676 2400 R.

321 2417 571 2458 Quadriennem
587 2418 818 2462 captivitatem
827 2417 1041 2450 Abu-Feras}
1053 2416 1172 2456 fuisse,
1183 2422 1299 2449 auctor
1312 2421 1366 2448 est
1372 2413 1537 2449 Abulfeda
1547 2408 1677 2458 p‘.497;

322 2462 369 2496 cf.
397 2468 574 2508 praeterea
601 2464 644 2496 de
666 2463 904 2496 Abu-Feraso
930 2473 1017 2506 quae
1046 2466 1207 2495 annotant
1233 2461 1286 2494 Cl.
1314 2460 1454 2503 Freitag
1472 2458 1517 2505 ad
1543 2457 1614 2492 Sel.
1632 2468 1677 2492 ex

320 2508 400 2542 hist.
419 2508 496 2542 Hal.
517 2520 549 2553 p.
570 2509 646 2543 138.
667 2509 742 2543 139.
769 2507 810 2540 L.

276 2575 324 2620 ’Ὀ
349 2576 534 2610 Confundit
550 2579 663 2610 noster
683 2575 717 2609 h.
742 2575 766 2609 l.
786 2579 938 2619 tempora
953 2577 988 2608 et
1014 2571 1173 2607 homines.
1219 2574 1394 2608 Debuerat
1419 2573 1566 2608 dixisse:
1587 2583 1675 2607 anno

319 2622 389 2657 360
403 2622 553 2665 (Christi
572 2622 659 2665 969)
681 2626 847 2665 peremtus
864 2620 931 2654 fuit
947 2620 1114 2652 Romanus
1139 2621 1321 2664 imperator
1338 2616 1568 2664 (NIceIphorus
1582 2618 1676 2652 Pho-

319 2667 396 2709 cas)
422 2672 457 2701 et
477 2668 535 2712 qui
562 2668 722 2701 hactenus
742 2665 954 2699 Domesticus
975 2665 1107 2705 fuerat,
1139 2666 1281 2699 Ioannes
1304 2665 1511 2705 Tzimisces,
1541 2664 1576 2697 in
1601 2663 1676 2696 eius

317 2711 425 2744 locum
439 2713 611 2746 su'ccessit.
657 2713 746 2746 Nam
762 2711 944 2752 Romanus,
967 2711 1155 2755 Nicephori
1170 2715 1374 2751 antecessor,
1395 2709 1586 2744 iamdudum
1602 2709 1675 2742 fato

318 2766 379 2794 suo
403 2757 607 2792 decesserat.
631 2758 676 2792 R.
