1748 3094
361 182 422 230 m
447 182 654 229 LEoms
679 182 921 228 macom
941 182 1050 228 Lm.
1076 183 1130 226 11.
1375 175 1478 230 425

26 289 139 342 τίιιις
161 302 294 346 propo
305 303 425 344 quem
437 297 657 345 pugnatum
673 290 772 339 fnit,
804 294 866 329 ut
878 289 1044 329 fortasse
1059 288 1314 341 antiquorum
1332 288 1480 331 chalus

22 368 224 410 Ambibm
241 351 411 436 ὦῶ,
440 370 609 409 Komaih
626 381 695 409 seu
718 369 838 418 caia,
867 381 1002 420 agrum
1020 367 1330 408 Berrhoeensem
1345 370 1480 422 rigans

23 435 203 488 rivulus,
232 436 282 477 de
309 451 389 490 quo
407 438 607 491 Excerpta
627 436 701 475 Ibn
721 435 773 474 01
798 435 958 486 Wadi,
985 435 1037 474 ad
1063 435 1162 476 calc.
1181 437 1320 489 Syriae
1342 436 1479 477 Abulf.

25 491 89 533 ed.
105 492 246 535 Koehl,
267 497 362 539 190.
380 494 430 534 A.
449 501 518 533 aut
536 507 639 533 unus
661 506 682 531 e
698 492 961 542 torrentibus,
991 491 1060 544 qui
1078 505 1129 531 ex
1145 492 1297 532 Amano
1315 507 1479 532 manan-

13 554 86 591 ¹tea
111 548 157 590 in
183 550 314 590 lacum
342 549 647 595 Antiochensem
673 554 901 598 transeunt,
942 555 990 586 ut
1018 548 1214 599 Ufrenm,
1256 549 1399 602 aliique
1425 549 1517 593 adc

25 604 248 645 Gindarum
266 606 333 646 vel
353 606 594 661 Gephyram.
648 604 831 644 Narratio
846 604 1052 657 scriptoris
1069 605 1196 645 nostri
1216 618 1366 659 egregie
1385 620 1483 646 con·-

22 661 138 701 venit
155 676 248 702 cum
269 662 473 702 Elmacino
494 665 591 707 223.
611 661 657 701 D.
683 660 753 713 qui
778 660 944 710 scrssiit,
975 660 1297 714 Chambdanum,
1325 662 1405 702 hoc
1424 669 1484 702 est

0 727 1 755 1
23 717 331 767 Seffeddaulam,
357 718 552 759 Hamdani
571 723 779 771 nepotem,
808 717 933 769 copiis
954 717 1155 770 bipartitis
1178 718 1365 759 maiorem

28 780 110 813 tem
124 774 271 828 Nagjao
289 775 416 828 legato
435 789 508 814 suo
528 773 783 813 commisisse:
806 773 940 836 ipsum
959 787 1049 812 cum
1066 774 1206 825 exigua
1223 789 1343 815 manu
1363 733 1484 830 (ἕέἒὲ

24 836 87 869 est
100 831 229 871 nostri
244 831 449 886 scriptoris
468 830 612 870 cohors
630 830 682 869 ad
699 830 879 882 superius
896 830 1044 868 vadum
1056 830 1232 870 fluminis
1252 831 1484 886 considens)

24 887 273 938 remansisse,
293 886 677 941 quamNicephorus
698 886 822 926 solam
839 892 992 960 nactus,
1016 886 1274 939 impressione
1291 890 1396 928 facta
1414 902 1484 942 pe·

23 941 136 983 nitu·
156 938 317 985 delevit.

141 999 246 1039 [bul-
274 1001 349 1040 lin·
379 1003 446 1044 10.
473 1016 548 1053 την
568 999 759 1042 ἐντεῦθεν
778 994 971 1052 ἕκδημῖαν
987 1002 1063 1041 τοῦ
1080 1016 1252 1048 ανακτος
1266 999 1484 1054 Ῥωμανοῦ]

30 1055 145 1094 Obiit
163 1057 363 1096 Romanus
386 1056 526 1096 Iunior
554 1056 653 1109 Imp.
676 1056 740 1095 die
764 1057 829 1100 15.
849 1056 981 1095 Martii
999 1070 1034 1095 a.
1054 1059 1159 1106 963,
1190 1058 1486 1096 demonstrante

28 1111 149 1164 Pagio
171 1112 307 1152 Critic.
332 1113 383 1151 ad
399 1113 491 1152 Bar.
517 1112 584 1152 IV.
613 1111 652 1156 5.
671 1112 717 1152 A.
747 1118 787 1152 et
805 1114 917 1164 Krug
945 1113 1090 1151 Clu-on.
1110 1112 1180 1151 der
1196 1117 1296 1165 Byz.
1323 1116 1419 1158 326.
1437 1114 1484 1153 Β.

28 1167 298 1234 Nicephorus,
328 1169 459 1222 Cplim
478 1169 606 1208 redux
623 1182 754 1207 mense
773 1169 903 1222 Aprili
923 1168 1104 1222 (Cedren.
1123 1169 1170 1211 ΙΙ.
1189 1172 1284 1214 645.
1302 1170 1390 1223 D),
1420 1170 1485 1218 die

29 1228 73 1267 2.
95 1223 226 1264 Iulii
211 1239 257 1264 ιιι
285 1239 425 1278 campo
447 1231 539 1264 ante
568 1226 795 1264 Caesaream
826 1225 874 1263 ab
900 1225 1079 1263 exercitu
1099 1225 1319 1277 Imperator
1338 1240 1486 1266 renun-

29 1280 157 1319 ciatus
178 1288 238 1321 eat
258 1281 479 1336 (comtant.
507 1280 753 1334 Porphyrog.
779 1281 944 1320 Caerim.
962 1281 1020 1332 Β)
1023 1287 1125 1320 zant.
1151 1281 1182 1320 Ι.
1202 1284 1296 1326 251.
1316 1281 1402 1334 Ι).;)
1429 1283 1487 1321 ita

29 1349 129 1387 quae
148 1334 365 1377 narrantur
391 1352 414 1376 a
437 1339 567 1376 Leone
590 1351 676 1401 cap.
700 1351 759 1375 ιιι.
789 1343 830 1375 et
858 1335 1081 1376 x11.huius
1103 1337 1220 1386 libri,
1249 1352 1408 1378 necesse
1427 1345 1488 1378 est

27 1392 160 1445 Aprili
179 1400 220 1432 et
236 1393 341 1433 Maio
362 1393 536 1432 eiusdem
556 1394 650 1431 anni
673 1396 767 1436 963.
788 1393 988 1432 accidisse.

140 1448 246 1491 Ibid.
276 1451 350 1488 lin.
378 1454 446 1493 22.
477 1450 519 1491 οἱ
536 1448 686 1501 λοιμοὶ]
717 1449 813 1488 Inde
834 1450 1005 1488 Zonaras
1025 1448 1078 1487 ΙΙ.
1100 1437 1194 1492 196
1214 1448 1262 1487 D.
1289 1449 1396 1501 quod
1418 1450 1489 1502 ait,

27 1504 250 1546 Romnum
270 1505 470 1546 Iuniorem
490 1519 533 1544 se
559 1505 714 1546 dedisse
732 1501 903 1561 ἀνδράσι
925 1504 1235 1559 διεφθαρμένοις
1252 1520 1294 1546 τε
1315 1521 1384 1547 και
1407 1510 1490 1549 λοι-

59 1565 134 1611 οἷς.

27 1577 56 1614 μ
145 1620 245 1670 Pag.
272 1620 340 1661 31.
371 1618 443 1657 lin.
471 1618 513 1661 4.
542 1618 640 1659 Εἴτε
660 1616 703 1659 δὲ
722 1617 905 1667 ἐκείνως,
935 1617 1011 1659 εἴτε
1026 1617 1095 1659 καὶ
1115 1615 1259 1670 ουτως]
1286 1619 1527 1672 Transpo-l)

31 1672 116 1712 suit
129 1673 227 1712 haec
246 1673 435 1725 Agathiae
453 1676 519 1718 59.
536 1675 581 1712 Β.
606 1675 702 1715 Εἴτε
722 1672 773 1726 δη
795 1690 870 1715 ουν
887 1690 1037 1724 ουτως,
1068 1675 1143 1715 εἴτε
1162 1674 1332 1724 ἐκείνως.
1433 1726 1437 1728 ,

145 1728 249 1769 lbid.
284 1731 362 1770 lin.
391 1734 429 1773 9.
467 1726 610 1784 νήπιοι
645 1732 795 1787 κομιδῇ
823 1728 1057 1783 τελοῦντες]
1101 1731 1247 1770 Confer
1279 1731 1488 1783 Agathiam

146 1839 249 1881 Ibid-
278 1841 351 1880 lin·
380 1843 447 1885 19
475 1857 551 1895 την
566 1842 770 1895 βασιλείαν
787 1840 933 1894 ἑστίαν]
965 1842 1029 1880 Sic
1049 1842 1205 1881 Codex:
1232 1843 1387 1882 tametsi
1403 1858 1488 1883 non

35 1899 178 1939 dubito
196 1898 367 1936 Leonem
391 1905 462 1935 aut
484 1898 687 1950 scripsisse
707 1905 776 1937 aut
801 1898 971 1936 seribere
995 1899 1173 1937 debuisse
1192 1897 1267 1952 τὴν
1285 1901 1488 1954 βασίλειον

34 1954 382 2003 g;„utestal1“bi3
398 1955 442 1994 Β.
458 1958 524 1997 29.
534 1955 576 1994 Β.
590 1958 656 1997 39.
671 1956 718 1993 D.
727 1956 795 1996 43.
809 1955 851 1993 Ι).
868 1958 934 1997 60.
946 1955 991 1993 D.
1000 1959 1067 1997 76.
1080 1956 1120 1993 C.
1132 1955 1261 2008 Aeque
1271 1956 1488 1996 insolenter

34 2011 171 2052 Codex
180 2013 347 2063 supra3.
354 2010 400 2048 A.
412 2008 486 2062 τήν
497 2007 807 2077 αὖτοκρατορίαν
820 2007 964 2063 α’ρχήν·
977 2011 1069 2050 vide
1080 2025 1180 2063 quae
1191 2015 1327 2051 notavi
1339 2015 1431 2056 189.
1443 2015 1486 2052 C.

148 2070 249 2119 Pag.
278 2068 346 2109 32-
373 2066 447 2104 lin.
475 2068 515 2110 5.
543 2066 644 2120 ὑπὲρ
670 2070 752 2107 τῶν
775 2063 896 2118 ολων]
928 2067 1182 2106 combefisius
1208 2069 1277 2107 IV.
1303 2072 1343 2112 5.
1372 2070 1487 2119 mire,

36 2125 213 2162 aliorum
229 2135 356 2160 causa
371 2121 608 2162 decertaret.-
636 2137 730 2162 nam
749 2122 794 2161 in
814 2123 958 2162 Codice
979 2124 1187 2164 manifesto
1206 2131 1265 2164 est
1283 2122 1388 2167 ολων
1404 2140 1488 2165 ιιοιι

32 2179 177 2222 ἄλλων.

149 2233 251 2275 lhid.
282 2236 356 2275 lin.
387 2239 426 2280 9.
455 2231 527 2288 ἐφ’
554 2234 683 2284 ἑστίας
703 2230 927 2288 ἦσυχαζεν]
957 2236 1056 2274 Cum
1075 2235 1138 2276 his
1158 2237 1307 2291 optime
1327 2251 1491 2277 consen-

36 2291 89 2331 fit
114 2290 345 2344 Anonymus
362 2306 479 2344 quem
506 2292 654 2331 Iulium
682 2292 884 2330 Pollucem
910 2293 1100 2340 credunt,
1135 2294 1179 2333 in
1204 2294 1312 2333 hunc
1329 2294 1491 2333 modum

37 2348 234 2402 (repetam
260 2349 527 2387 narrationem
544 2349 628 2387 eius
658 2348 778 2401 paulo
802 2347 943 2398 altius,
975 2349 1025 2387 ab
1046 2350 1159 2389 obitu
1178 2352 1346 2389 Romani
1362 2351 1492 2401 Impe-

36 2400 224 2458 ratoris).
252 2400 291 2456 *)
320 2401 488 2444 Μαθων
505 2403 549 2445 δὲ
564 2402 636 2445 τὸν
655 2403 837 2445 θάνατον
855 2378 1142 2474 105²,ssme
1157 2406 1379 2475 Ῥωμανοῧ,
1405 2406 1493 2446 ἐπε·

38 2459 166 2513 σχὲθη
196 2461 269 2512 τῆς
294 2457 442 2512 ὁρμῆς·
481 2460 551 2501 και
574 2457 726 2529 ἑκάστῳ
753 2463 834 2500 τῶν
865 2458 952 2513 μετ’
986 2458 1112 2503 αυτοῦ
1140 2461 1269 2505 ὄντων
1294 2458 1494 2531 ἀρχόντων

39 2517 270 2569 διωρίσατο,
308 2518 559 2568 συναχθῆναι
580 2533 674 2565 τους
699 2503 974 2588 ζωγρηθέντας
992 2515 1232 2573 Ἀγαρηνους
1257 2534 1326 2558 και
1352 2533 1401 2556 τα
1427 2513 1493 2556 λά·
1509 2523 1551 2557 Ρ.
1572 2524 1641 2559 205

40 2587 152 2625 φυρα
167 2571 263 2620 εἷς”
239 2587 310 2612 ενα
326 2574 458 2640 χῶρον
478 2575 552 2638 τῆς
567 2572 786 2640 Ῥωμαῖκῆς
807 2576 893 2628 γῆς.
946 2571 1013 2615 Ἐν
1038 2574 1082 2615 δὲ
1109 2580 1164 2631 τῷ
1185 2574 1376 2641 παλατίῳ
1383 2587 1491 2613 κατε·

41 2629 269 2680 λείφθησαν
302 2623 603 2680 εὔφημουμενοι
639 2626 687 2682 ἤ,
695 2644 738 2670 τε
768 2628 963 2681 Θεοφανῶ
984 2618 1198 2684 Αὔγοῦστα
1225 2629 1294 2669 καὶ
1327 2625 1376 2668 τοὶ
1414 2625 1490 2669 δυο

42 2681 168 2736 αυτῆς
190 2683 308 2724 τέκνα
326 2685 532 2732 Βασίλειος
549 2683 618 2725 καὶ
638 2688 961 2736 Κωνσταντῖνος,
990 2690 1043 2740 τῇ
1071 2688 1229 2739 σπουδῇ
1243 2700 1309 2725 και
1336 2683 1491 2725 συνέσει

42 2741 117 2781 τοῦ
134 2736 553 2794 παραδυναστευοντος
568 2736 712 2794 Ἰωσηφ
740 2741 1097 2796 παρακοιμωμὲνου
1108 2771 1122 2792 ,
1148 2743 1221 2783 τοῦ
1238 2738 1282 2782 τὸ
1303 2737 1490 2795 ὑπήκοον

89 2825 305 2870 ἾΕιΰοᾶ.
326 2826 439 2863 Vatic.
457 2827 525 2864 No.
549 2827 636 2870 163,
658 2828 718 2864 fol.
735 2830 780 2866 61
795 2833 899 2864 recto.
