1748 3094
248 169 347 216 406
695 175 743 219 C.
771 176 816 219 Β.
845 173 998 218 HASII
1028 175 1228 219 NOTAE

247 279 462 330 composita
481 292 533 319 ex
554 292 653 319 voce
677 276 839 332 χαλκός,
867 292 1067 330 novasque
1095 279 1270 318 eiusdem
1295 278 1458 330 originis
1482 279 1549 319 vel
1569 289 1691 319 voces

242 335 308 374 vel
327 336 599 386 auctoritates,
627 336 782 402 quibus
787 335 983 373 Glossaria
1000 335 1236 387 locupletari
1255 341 1409 387 queant.

206 391 237 425 C
347 391 448 431 Ibid
473 392 543 433 lin.
575 397 613 435 6.
645 408 699 440 ως
726 387 782 444 μή
806 406 842 431 τι
872 387 1091 458 ἀνήκεστον
1118 388 1218 445 πρὸς
1245 392 1325 432 τῶν
1344 390 1532 432 ἐναντίων
1551 387 1697 439 αυτοῖς·

224 480 227 481 ⁷
245 450 424 502 καττυθῇ
429 446 454 498 .]
485 444 624 488 Κασσἰ’
616 463 658 487 ω
679 447 761 486 sive
780 443 955 497 καττύω,
986 461 1099 486 sensu
1113 447 1280 498 figurato
1299 447 1537 495 machinor.
1560 454 1689 497 struo,

245 488 471 553 frequen'tm
493 504 666 542 occurrit
693 504 800 556 apud
821 505 954 542 Patres
985 503 1129 541 saeculi
1150 502 1410 542 Theodosiani
1431 509 1470 541 et
1489 502 1685 567 deinceps.

245 555 471 599 Καττύουσι
495 561 532 600 S.
555 559 799 611 Epiphanius
825 560 1022 598 Adversus
1047 559 1195 601 haeres.
1217 559 1246 596 Ι.
1268 564 1307 602 2.
1329 560 1372 599 C.
1401 559 1656 611 Anonymus
1644 572 1690 596 m

244 614 435 654 Psalm.1.
460 617 525 657 88
555 617 602 653 A.
622 612 841 656 καττύοντα
869 617 905 656 S.
929 615 1169 667 Epiphanius
1199 615 1398 654 Adversus
1421 613 1570 653 haeres.
1593 615 1688 657 651.

248 671 289 707 C.
311 685 541 718 καττυοντες
562 671 757 723 Anonym.
783 672 825 708 in
847 672 987 711 Psalm.
1012 672 1045 710 Ι.
1069 675 1164 713 761.
1189 672 1231 710 C.
1254 667 1504 712 καττυόντων
1531 673 1570 711 8.
1594 670 1690 722 Epi-

244 725 415 789 phanius
439 727 637 766 Adversus
663 727 808 766 haeres.
826 730 920 769 222.
950 728 995 768 D.
1025 727 1182 765 Aoristo
1213 727 1273 765 bis
1298 728 1424 765 utitur
1455 729 1495 766 S.
1518 726 1689 778 Epipha-

244 782 358 830 nius,
398 782 498 822 lbid.
532 787 623 825 629.
652 783 696 821 D.
723 783 885 834 βίβλους
912 779 1125 830 καττύσας·
1167 789 1210 822 et
1235 784 1328 825 257.
1363 784 1405 822 C·
1434 780 1688 822 καττῦσαντᾱ-

243 838 449 876 Praesente
469 839 614 888 passivi
635 840 672 878 8.
691 837 958 876 Theodoretus
981 839 1103 890 Epist.
1128 852 1205 876 clx.
1231 839 1295 878 Ill.
1319 843 1412 881 977.
1442 839 1483 876 D.
1501 854 1600 878 κατα
1618 841 1690 887 τῆς

244 889 508 945 ἅποστολικης
527 891 768 946 καττυόμενα
795 895 972 941 πίστεως.
1028 895 1263 946 Imperfecto
1283 896 1322 933 S.
1335 893 1585 962 Epiphanius
1603 894 1689 932 Ad-

242 962 380 987 versus
407 948 554 989 haeres.
575 954 669 992 722.
688 950 732 988 Β.
751 947 953 990 ἐκαττύετο
976 950 1066 1003 περὶ
1089 950 1130 1001 [l.
1149 947 1271 1003 παρα]
1298 953 1378 990 τῶν
1396 965 1539 991 τουτου
1559 955 1690 1003 μαθη·

241 1019 324 1044 των
357 1001 405 1044 τοὶ
433 1003 531 1045 κατοέ
558 1003 632 1057 τὴν
664 1003 861 1056 συσκευὴν
884 1008 958 1058 τῆς
982 1006 1198 1057 ἐκκλησίας.
1256 1006 1432 1044 Perfecto
1462 1006 1689 1044 Theodotus
1737 1020 1739 1022 ·

241 1059 415 1098 Institut·
445 1061 633 1100 Oriental
665 1065 759 1104 806.
792 1063 833 1114 ¹.
869 1061 1144 1115 κεκαττυμένα.
1215 1062 1438 1114 Composito
1467 1058 1688 1104 ἕπικαττύω

240 1115 326 1168 ipse
344 1117 420 1154 Leo
441 1116 544 1154 infra
566 1118 632 1160 52.
653 1118 695 1155 C.

353 1171 457 1212 Ibid.
485 1173 554 1213 lin.
585 1177 649 1215 10.
678 1172 744 1213 καὶ
770 1172 1003 1226 παρέπεται]
1032 1173 1164 1212 Malim
1187 1172 1439 1225 παρέπονται.
1496 1173 1597 1214 Vide
1624 1180 1689 1212 ta—

240 1241 331 1266 men
348 1229 538 1266 Zeunium
558 1229 607 1266 ad
627 1229 808 1280 Vigerum
829 1231 884 1267 De
903 1229 1088 1269 idiotism.
1116 1230 1206 1272 195.
1231 1231 1273 1270 C.

352 1283 454 1322 Ibid
477 1285 550 1322 lin·
575 1288 639 1327 12.
666 1288 739 1337 τῆς
756 1285 977 1337 δεδομένης
999 1281 1216 1336 εὐετηρίας]
1237 1286 1283 1323 111
1304 1286 1448 1328 Codice
1467 1284 1618 1323 literis
1612 1299 1631 1323 ε
1649 1290 1690 1322 et

195 1346 266 1390 D‘ty
290 1346 425 1377 contra
449 1341 705 1391 etymologiae
724 1341 917 1379 rationem
929 1340 1173 1408 permutatis
1204 1342 1322 1378 modo
1349 1338 1528 1390 ευετερία
1547 1352 1689 1377 exara·
1716 1377 1719 1379 .

239 1401 347 1445 tum,
377 1402 423 1433 ut
450 1396 554 1434 infra
585 1400 649 1438 20.
670 1397 714 1434 Β.
744 1397 861 1434 modo
895 1392 1098 1449 εὕητερία,
1127 1402 1174 1433 ut
1194 1395 1261 1434 1110
1286 1402 1326 1434 et
1353 1397 1421 1438 40.
1449 1396 1491 1434 C.
1539 1395 1688 1433 Eodem

240 1452 385 1502 modo,
424 1448 622 1505 εὕητερία,
649 1452 694 1489 111
718 1452 856 1491 codd.
896 1452 1031 1489 multis
1061 1451 1233 1501 antiquis
1265 1451 1472 1503 scriptum
1482 1450 1591 1500 vidi,
1619 1451 1689 1488 ubi

240 1520 351 1545 1111ηο
378 1507 566 1546 editiones
596 1504 791 1560 εὐετηρία·
828 1507 939 1546 Ρ11110
969 1512 1027 1545 De
1053 1502 1272 1545 Abrahamo
1299 1509 1393 1550 284.
1422 1507 1468 1546 F.
1506 1506 1562 1544 De
1593 1516 1689 1544 con-

239 1576 374 1612 gressu
402 1564 644 1614 quaeiendae
680 1564 910 1601 eruditionis
941 1563 1067 1613 gratia
1098 1565 1192 1605 351.
1222 1563 1268 1601 A.
1307 1561 1496 1614 Iosephus
1523 1562 1699 1614 Anfiqq.

238 1619 305 1660 44.
329 1619 372 1659 A.
404 1621 646 1658 Ptolemaeus
668 1620 878 1658 Tetrabibl.
909 1620 973 1661 80.
1000 1619 1045 1657 A.
1075 1620 1200 1656 Locus
1222 1619 1271 1657 de
1289 1619 1544 1657 instabilitate
1559 1620 1688 1657 fortu-

240 1688 333 1724 nae,
364 1689 478 1725 quem
495 1677 570 1726 Leo
592 1676 788 1727 respexit,
818 1682 876 1713 est
894 1675 937 1712 in
955 1676 992 1716 S,
1013 1675 1091 1712 Nili
1114 1675 1234 1726 Epist.
1259 1689 1456 1713 chxqu.
1488 1688 1527 1726 p.
1545 1678 1613 1717 70.

352 1733 459 1783 Pag.
482 1736 543 1774 10.
575 1733 644 1769 lin.
665 1732 703 1773 4.
733 1727 1057 1782 διαπεφωνήκει.]
1077 1732 1299 1781 Διαφωνέω
1320 1731 1388 1768 alii
1406 1731 1483 1768 iam
1506 1730 1687 1768 observa-

240 1793 405 1836 verunt,
436 1801 484 1825 ex
511 1801 586 1825 usu
611 1787 866 1825 Hellenistico
902 1787 1120 1837 significare
1153 1787 1342 1824 ultimam
1369 1792 1501 1824 vo'cem
1537 1788 1685 1835 emitto,

240 1842 317 1879 hoc
336 1850 393 1880 est
410 1846 613 1881 εταηίηιον
622 1857 781 1894 ‚mpeteo
833 1843 971 1880 Suidas
994 1843 1024 1880 Ι.
1055 1844 1148 1884 563.
1175 1843 1216 1880 C.
1246 1843 1410 1894 Mangey
1431 1843 1480 1879 ad
1501 1841 1601 1880 Phil.
1630 1842 1688 1879 De

242 1899 375 1936 ebiiet.
398 1899 428 1937 I.
453 1902 547 1942 375.
579 1900 623 1938 E.
655 1898 875 1937 Adhibetur
896 1912 938 1935 ea
966 1898 1249 1948 significatione
1277 1899 1488 1950 praecipue
1509 1898 1684 1965 perfecto

242 1960 279 1989 et
297 1954 702 2023 plusquamperfecto:
733 1956 842 1992 velut
862 1954 966 2006 apud
984 1968 1079 1991 Lxx.
1108 1955 1222 1993 Num.
1245 1968 1361 1995 xxxi.
1383 1955 1451 1996 49.
1482 1949 1532 1993 ου’
1554 1954 1687 1993 διαπε-

241 2007 443 2058 φώνηκεν
453 2008 519 2050 ccm'
538 2008 667 2050 αὐτῶν
698 2008 791 2050 ου’δὲ
813 2007 880 2058 εἷς.
931 2010 1048 2057 Quod
1072 2009 1246 2047 imitatur
1267 2010 1380 2047 Philo
1407 2010 1463 2046 De
1483 2009 1684 2048 temulent.

240 2068 335 2105 200.
360 2065 399 2101 Β.
421 2073 458 2102 et
486 2068 527 2105 C.
558 2067 653 2104 Item
673 2065 887 2104 Scholiasta
908 2066 957 2103 ad
977 2068 1013 2103 S.
1036 2066 1201 2103 Ioannis·
1212 2065 1374 2102 Climaci
1391 2065 1542 2102 Scalam
1562 2065 1686 2102 Para-

240 2119 311 2156 dis·
339 2123 400 2161 19.
429 2122 468 2160 C.
495 2122 643 2172 aliquot
664 2123 859 2173 simplices
877 2121 1053 2159 homines
1068 2121 1350 2159 incredibiliter
1369 2120 1599 2168 ieiunantes,
1616 2135 1685 2159 και

239 2170 472 2226 αδιακοίτως
491 2177 597 2231 βία
579 2194 743 2224 εαυτους
766 2174 965 2225 ἐκδόντες,
995 2173 1359 2227 διαπεφωνήκασιν,
1380 2175 1683 2213 succubuerunt.

238 2230 289 2267 Et
312 2231 504 2282 A1›831tus
531 2234 573 2270 111
595 2233 852 2284 Hippiatricis
873 2235 965 2275 256.
989 2233 1031 2271 C.
1067 2232 1114 2269 de
1142 2245 1262 2282 equo,
1291 2232 1489 2272 κίνδυνον
1507 2247 1581 2271 ουν
1610 2231 1685 2279 εξει

92 2292 220 2328 {1192
243 2287 503 2338 διαφωνῆσαι.
559 2289 648 2326 Non
678 2290 794 2339 pauci
821 2295 951 2326 tamen
980 2287 1124 2325 eruditi
1149 2288 1253 2339 lapsi
1277 2293 1370 2325 sunt
1396 2287 1437 2324 in
1458 2287 1535 2325 hoc
1563 2288 1682 2324 verbo

240 2342 550 2400 interpretando.
599 2344 716 2381 Velut
736 2345 842 2395 apud
867 2344 1021 2381 Philon.
1045 2345 1099 2380 De
1118 2343 1265 2381 nomin.
1284 2349 1422 2382 mutat.
1440 2346 1532 2386 822.
1550 2343 1593 2380 Β.
1615 2338 1683 2382 mi:

240 2401 377 2450 λεμος,
406 2399 449 2439 ἐν
472 2401 501 2452 ᾧ
526 2402 603 2438 τῶν
625 2399 969 2451 διαγωνισαμένων
1001 2396 1247 2448 διεφώνησεν
1268 2395 1421 2447 ουδεις,
1452 2395 1540 2438 ἄλλ’
1563 2412 1683 2448 ατρω-

241 2469 306 2500 τος
328 2454 394 2493 καὶ
413 2458 512 2507 σῷος
532 2455 752 2505 ἐπανῆλθε·
784 2469 854 2493 vei
858 2469 924 2492 eor
939 2461 985 2492 ut
1002 2456 1092 2492 Pet1
1096 2468 1139 2491 us
1158 2455 1346 2492 Morellus
1373 2460 1479 2492 recte
1504 2452 1679 2497 verterit,

241 2512 282 2546 in
306 2524 383 2560 quo
403 2510 684 2548 dimac-antium
703 2526 811 2548 nemo
835 2511 988 2547 discor-s·
1007 2512 1107 2557 fuit.
1165 2511 1213 2547 Et
1227 2510 1323 2547 haec
1341 2509 1535 2561 Apsyrti
1522 2522 1564 2546 ln
1584 2508 1682 2559 Hip-

238 2566 356 2616 piatr·
379 2571 471 2609 260.
497 2567 539 2604 Β.
571 2567 767 2616 διαφωνεῖ
792 2565 834 2605 δὲ
862 2567 1029 2620 ῥαδίως,
1063 2566 1237 2604 Ruellius
1260 2567 1303 2603 in
1327 2565 1518 2603 Medicina
1538 2563 1681 2602 veteri-

239 2635 325 2659 nar.
351 2625 441 2664 101.
472 2622 515 2660 B.
547 2630 784 2673 quapropter
797 2622 932 2670 facile
953 2620 1166 2671 despondet
1193 2624 1388 2659 animum.
1442 2620 1569 2670 Atque
1593 2625 1680 2656 tan-

240 2683 324 2712 tum
339 2678 592 2716 nouridicule
603 2677 929 2716 montefalconius
948 2677 1053 2727 apud
1063 2677 1202 2715 Euseb.
1217 2678 1430 2714 Comment.
1446 2675 1488 2713 in
1503 2675 1639 2712 Psalm.
1648 2675 1679 2712 I.

240 2733 333 2773 259.
361 2733 404 2770 Ε.
438 2734 486 2772 de.
510 2734 689 2772 secundis
713 2733 942 2771 mulierum:
973 2729 1102 2784 ω’σπερ
1134 2734 1295 2785 χωρίον,
1324 2733 1581 2784 προχωρῆσαν
1601 2726 1682 2770 ἀπὸ

237 2785 444 2839 γυναικὸς,
477 2785 663 2842 ου’δεμιας
684 2787 828 2842 μετέχει
855 2790 980 2840 ζωῆς,
1011 2788 1201 2828 διαλυθὲν
1230 2786 1274 2828 δὲ
1304 2788 1519 2838 διαφωνεῖ·
1549 2799 1678 2838 quem-
