1768 3034
311 126 378 172 32
791 127 993 176 LEONIS
1020 127 1259 172 DIACONI

97 250 135 282 Α.
159 248 202 280 Μ.
218 245 306 282 6471
318 232 389 281 οὖν
399 235 652 295 ὖπερθὲσθαι
671 238 741 280 τὸν
751 233 1011 293 νεωτερισμόν
1024 249 1033 259 ·
1055 231 1298 278 εῗσελάσαντι
1319 233 1363 275 δὲ
1380 233 1434 284 εἷς
1445 230 1491 276 τὸ
1502 230 1738 286 Βυζάντιον,

149 295 214 326 ¹¹¹⁶·
237 295 259 329 6
315 308 381 349 καὶ
410 303 620 361 κατάγοντι
649 306 720 347 τὸν
746 306 975 360 θρίαμβον,
1014 302 1087 357 εἶ’γε
1115 300 1189 356 τὴν
1219 300 1412 358 στρατιὰν
1439 301 1478 344 οἱ
1503 305 1742 357 κρατοῦντες

313 372 422 430 αὖτῷ
443 374 692 427 ἐγχειρίσοιεν·
704 370 807 427 (ᾔδει
826 371 902 426 γὰρ
916 369 1040 412 αὐτοῦ
1058 366 1263 425 περιόντος
1279 368 1336 423 μὴ
1348 366 1397 410 ἂν
1408 367 1530 419 ἄλλον
1546 372 1741 425 καρτερῆ-

313 456 381 483 σαι
394 439 494 495 πρός
512 441 584 494 τὴν
604 444 684 481 τῶν
700 436 920 494 βαρβάρων
946 436 1174 478 ἀντίστασιν
1192 433 1542 494 παρατάττεσθαι)
1555 449 1565 459 ·
1588 435 1741 477 ἀναλα-
1766 452 1768 484 ῑ

313 513 398 562 βεῖν
417 524 457 548 τε
471 506 543 555 τὰς
561 504 758 559 δυνάμεις,
781 506 847 546 καὶ
867 504 1149 558 λελογισμένως
1167 505 1232 544 καὶ
1251 502 1528 558 ἆνεπισφαλῶς
1545 500 1643 559 ὖπὲρ
1661 502 1768 544 τῶνΕ

314 574 417 616 ὅλων
436 574 763 628 διαγωνίσασθαι.
800 570 905 613 οὕτω
937 570 987 624 δὴ
1016 568 1301 626 γνωματεύσας
1332 571 1399 611 καὶ
1423 568 1743 624 βουλευσάμενος

311 641 411 696 πρὸς
437 641 482 681 τὸ
505 638 724 691 Βυζάντιον
745 638 844 680 ἵεται
858 651 867 660 ·
889 635 1162 691 ἇσμενέστατά
1180 654 1221 679 τε
1239 635 1317 679 ὑπὸ
1339 640 1411 679 τοῦ
1432 634 1562 690 δήμου
1582 638 1648 680 καὶ
1670 640 1744 691 τῆς

281 705 539 762 Οσυγκλήτου
563 708 740 760 δεχθεὶς,
772 707 838 747 καὶ
856 703 954 759 ὅσην
972 702 1134 759 ἐπήγετο
1156 705 1264 746 λείαν
1281 701 1576 760 θριαμβεύσας,
1597 705 1664 746 καὶ
1683 706 1744 761 τῷ

314 775 496 831 δημοσίῳ
534 775 683 830 ταμείῳ
722 772 792 815 τὸν
836 771 1087 828 βαρβαρικὸν
1124 775 1298 813 πλοῦτον
1337 771 1631 824 καταθέμενος,
1678 770 1741 827 ἐφ’

317 840 451 889 ἑστίας
468 839 671 894 ἡσύχαζεν.
717 838 737 881 ὃ
768 840 811 881 δὲ
826 838 973 895 Ἰωσὴφ
1006 837 1217 895 (ἐδεδοίκει
1236 838 1312 894 γὰρ
1339 838 1413 892 τὴν
1432 838 1495 879 ἐπὶ
1516 838 1562 880 τὸ
1583 835 1768 889 Βυζάν-1

316 925 402 949 τιον
430 911 501 949 τοῦ
523 905 758 963 Νικηφόρον
781 906 1010 960 διατριβὴν,
1046 904 1106 960 μή
1133 922 1170 946 τι
1190 904 1293 947 κατὰ
1313 909 1384 946 τοῦ
1405 903 1578 961 κράτους
1603 921 1744 947 νεωτε-

320 976 435 1031 ρίσειε
446 1007 460 1026 ,
496 973 671 1028 μάλιστα
689 978 759 1015 τοῦ
781 977 1065 1029 στρατιωτικοῦ
1094 970 1269 1022 ἐκτόπως
1287 971 1409 1013 αὐτὸν
1428 972 1662 1028 στέργοντος
1678 973 1745 1014 καὶ

319 1046 392 1083 τοῦ
415 1040 543 1095 δήπου
563 1039 865 1094 θαυμάζοντος,
905 1038 971 1081 διά
1000 1056 1042 1081 τε
1062 1039 1114 1081 τὰ
1134 1037 1307 1095 τρόπαια
1336 1040 1402 1081 καὶ
1429 1038 1480 1079 τὰ
1501 1038 1605 1090 κατὰ
1625 1039 1746 1082 πολέ-

319 1125 421 1162 μους
440 1107 814 1165 ἀνδραγαθήματα)
833 1108 893 1148 ἐπὶ
913 1107 959 1148 τὸ
980 1105 1200 1161 ἀνάκτορον
1217 1111 1361 1148 τοῦτον
1380 1107 1577 1158 ἐκαλεῖτο,
1602 1106 1643 1148 εἶ’
1659 1122 1746 1155 πως

323 1175 444 1216 αὐτὸν
471 1175 591 1229 ψιλὸν
612 1179 684 1229 τῆς
703 1172 907 1228 δυνάμεως
927 1172 1153 1229 ἀπειληφὼς
1171 1177 1252 1215 τῶν
1270 1190 1311 1215 τε
1331 1171 1465 1226 ὄψεων
1485 1170 1661 1229 στερήσῃ
1678 1174 1768 1216 acal!

319 1240 510 1300 ὑπερορίᾳ
537 1241 800 1297 παραπέμψῃ.
859 1240 962 1282 ἀλλὰ
981 1240 1027 1282 τὸ
1058 1243 1279 1296 κακοῦργον
1297 1241 1363 1280 καὶ
1383 1237 1646 1296 περιπόνηρον
1670 1243 1744 1282 τοῦ

314 1308 461 1363 Ἰωσὴφ
493 1307 756 1363 ὃστρατηγός
784 1308 927 1355 συνιεὶς
954 1305 1327 1362 (δραστήριοςκγὰρ
1356 1306 1396 1355 ἐς
1424 1306 1470 1348 τὸ
1499 1305 1660 1362 ἀκριβὲς
1676 1303 1742 1361 ἦν,

278 1377 385 1421 Βκαὶ
415 1373 801 1428 καταστοχάσασθαι
830 1375 1097 1428 κακοτροπιάν
1127 1372 1274 1428 ἀνδρὸς
1299 1371 1659 1432 προχειρότατος),
1704 1374 1746 1423 ἐς

317 1443 392 1495 τὴν
410 1440 585 1496 μεγάλην
605 1442 813 1494 ἐκκλησίαν
833 1444 955 1499 φοιτᾷ
965 1472 978 1491 ,
1003 1442 1068 1481 καὶ
1088 1444 1144 1498 τῷ
1163 1440 1410 1496 ἱεραρχοῦντι
1426 1439 1672 1498 Πολυεύκτῳ
1691 1442 1747 1490 εἷς

318 1507 461 1562 λόγους
490 1507 644 1559 ἐλθών,
683 1507 798 1563 ἀνδρὶ
828 1505 901 1560 τήν
920 1523 962 1548 τε
981 1508 1099 1548 θείαν
1127 1508 1194 1548 καὶ
1218 1506 1476 1563 ἀνθρωπίνην
1503 1508 1768 1564 φιλοσοφίαή

320 1577 375 1623 εἷς
395 1574 516 1630 ἄκρον
544 1572 842 1628 ἐκμελετήσαντι
851 1605 865 1625 ,
902 1575 967 1632 καὶ
986 1574 1077 1626 βίον
1099 1574 1383 1631 αἱρετισαμένῳ
1402 1575 1446 1615 ἐκ
1461 1571 1648 1629 νεότητος
1665 1585 1746 1629 μο-

318 1640 480 1683 ναδικόν
507 1658 547 1683 τε
576 1643 641 1682 καὶ
670 1640 860 1691 ἄσκευον,
898 1641 963 1681 καὶ
991 1640 1217 1697 παρρησίαν
1242 1638 1342 1697 ὗπέρ
1371 1640 1588 1696 ἄνθρωπον
1605 1658 1746 1696 κεκτη-

318 1709 438 1766 μένῳ,
474 1707 524 1762 ἣν
545 1707 618 1762 οὐχ
638 1706 664 1762 ἡ
685 1706 804 1763 φύσις
830 1708 989 1748 ἐνεποίει
1009 1706 1118 1764 αὐτῷ
1135 1705 1285 1760 μόνον,
1316 1709 1437 1766 τομίᾳ
1455 1724 1497 1762 γε
1517 1706 1600 1749 ὄντι
1618 1709 1686 1749 καὶ
1703 1708 1746 1757 ἐς

321 1775 488 1829 ἔσχατον
507 1779 633 1831 γῆρας
651 1773 849 1827 ἐλάσαντι,
874 1773 977 1815 ἀλλὰ
992 1772 1100 1828 καὶῆ
1120 1774 1303 1829 ἀκτησία,
1325 1776 1391 1816 καὶ
1401 1774 1446 1816 τὸ
1467 1773 1742 1829 ἀνεπίληπτον,
1766 1807 1768 1809 -

322 1882 433 1916 batur.
480 1881 627 1914 Proinde
642 1883 814 1925 praestare
833 1880 865 1914 ei
881 1879 987 1914 visum
1003 1883 1055 1914 est
1072 1880 1213 1914 differre
1228 1883 1369 1922 motum,
1400 1885 1435 1914 et
1453 1879 1562 1914 redux
1579 1881 1748 1914 Constan-

323 1926 516 1970 tinopolim,
540 1927 599 1959 ubi
618 1927 822 1970 triumphum
843 1925 1014 1965 duxisset,
1037 1925 1067 1958 si
1091 1926 1313 1969 Imperatores
1337 1926 1447 1970 ipsius
1466 1925 1547 1959 fidei
1565 1925 1748 1959 exercitum

324 1971 580 2010 commisissent,
604 1971 772 2013 (noverat
792 1970 877 2003 enim
889 1994 899 2010 ,
933 1982 969 2003 se
996 1970 1176 2014 superstite
1197 1970 1296 2003 alium
1314 1969 1475 2003 neminem
1493 1970 1586 2011 fore,
1609 1970 1667 2015 qui
1686 1981 1748 2003 au·-

325 2016 421 2048 deret
439 2015 600 2048 adversus
621 2016 834 2048 barbarorum
851 2014 1006 2058 impetum
1022 2026 1059 2047 se
1075 2014 1288 2058 opponere),
1311 2015 1361 2047 uti
1383 2019 1451 2047 tum
1470 2015 1582 2059 copias
1598 2025 1748 2048 resume-

323 2064 398 2100 ret,
421 2063 563 2103 tutoque
584 2060 719 2092 consilio
739 2060 782 2092 de
797 2070 921 2092 summa
937 2070 1047 2092 rerum
1067 2058 1268 2092 decertaret.
1313 2059 1389 2092 Hoc
1405 2058 1510 2102 igitur
1527 2059 1664 2093 consilio
1689 2069 1746 2092 se-

323 2115 397 2137 cum
419 2104 524 2137 animo
553 2104 733 2137 constituto
760 2115 798 2137 ac
817 2104 1020 2144 deliberato,
1044 2103 1368 2147 Constantinopolim
1391 2103 1502 2137 venit:
1533 2103 1592 2136 ubi
1615 2103 1746 2145 studio-

323 2149 454 2182 sissime
473 2160 493 2181 a
507 2153 625 2181 senatu
647 2148 836 2192 populoque
853 2153 1028 2192 receptus,
1051 2148 1197 2192 praeda,
1219 2152 1374 2192 quantam
1398 2147 1601 2188 adduxerat,
1624 2147 1746 2181 trium-

350 2194 391 2226 ho
409 2193 574 2233 traducta,
594 2193 788 2236 divitiisque
802 2193 986 2226 barbaricis
1001 2193 1036 2225 in
1053 2193 1216 2225 aerarium
1233 2192 1406 2237 depositis,
1430 2191 1517 2226 domi
1541 2203 1579 2225 se
1597 2193 1746 2226 tenebat.

322 2204 484 2281 losephus
503 2238 696 2280 (metuebat
712 2237 797 2270 enim
814 2237 1002 2281 Nicephori
1019 2237 1053 2270 in
1069 2237 1151 2270 urbe
1167 2237 1463 2277 commorationem,
1485 2248 1528 2270 ne
1544 2236 1625 2281 quid
1640 2248 1746 2270 nova-

308 2285 396 2317 ‘rum
413 2293 523 2315 rerum
539 2282 697 2315 adversus
718 2282 885 2326 principes
901 2282 1092 2322 moliretur,
1115 2282 1311 2326 praesertim
1329 2293 1401 2314 cum
1419 2286 1453 2314 et
1475 2281 1634 2315 militares
1653 2280 1745 2315 ordi-

324 2339 384 2360 nes
410 2326 586 2370 insigniter
608 2338 680 2359 eum
700 2327 896 2369 diligerent,
928 2330 962 2359 et
986 2326 1128 2370 populus
1153 2326 1390 2367 admiraretur,
1413 2327 1456 2359 ob
1476 2330 1616 2370 tropaea
1634 2329 1670 2359 et
1687 2336 1745 2359 ree

324 2372 447 2416 optime
465 2371 549 2404 bello
574 2371 717 2414 gestas)
741 2371 775 2403 in
792 2371 952 2415 palatium
968 2382 1041 2404 eum
1058 2371 1211 2412 vocavit,
1243 2371 1272 2403 si
1295 2372 1385 2405 forte
1401 2382 1474 2404 eum
1488 2371 1610 2404 nudum
1627 2380 1649 2403 a
1662 2380 1745 2415 pro-

324 2416 505 2450 tectoribus
523 2421 660 2456 nactus,
685 2415 788 2448 oculis
807 2416 971 2459 privatum
985 2415 1020 2448 in
1042 2415 1173 2448 exilium
1189 2415 1340 2460 pelleret.
1386 2416 1481 2457 Dux,
1503 2415 1673 2449 intellecto
1687 2414 1745 2447 Io-

325 2461 422 2505 sephi
439 2460 564 2494 crudeli
581 2460 761 2504 dolosoque
780 2460 916 2493 consilio
944 2461 1009 2503 (ut
1033 2464 1106 2493 erat
1120 2460 1258 2493 mirifice
1275 2460 1476 2501 industrius,
1508 2464 1543 2493 et
1558 2458 1745 2504 promtissi-

325 2518 398 2540 mus
418 2507 462 2538 ad
481 2505 745 2550 perspiciendam
765 2505 903 2537 hominis
926 2505 1043 2538 malam
1069 2505 1254 2548 mentem),
1283 2506 1320 2538 in
1344 2516 1496 2548 magnam
1511 2504 1684 2538 ecclesiam
1707 2514 1746 2536 se

325 2550 480 2591 coniicit,
504 2554 538 2583 et
549 2575 559 2591 ‚
585 2549 703 2582 collato
728 2561 878 2583 sermone
897 2560 968 2582 cum
985 2549 1167 2593 Polyeucto
1186 2550 1292 2583 sacris
1310 2552 1503 2594 praefecte,
1525 2548 1599 2582 viro
1617 2547 1673 2593 qui
1691 2547 1746 2580 di·-

326 2595 436 2628 vinam
459 2599 558 2639 atque
582 2594 752 2628 humanam
777 2594 1017 2638 philosophiam
1045 2605 1247 2639 summopere
1271 2595 1469 2635 meditatus,
1505 2593 1611 2627 electo
1636 2591 1701 2632 sibi
1723 2602 1746 2624 a

325 2640 470 2682 pueritia
493 2639 674 2673 monastico
695 2643 795 2683 atque
823 2638 978 2683 expedito
1001 2638 1092 2675 vitae
1118 2650 1259 2681 genere,
1291 2640 1364 2683 plus
1392 2649 1488 2683 quam
1511 2638 1746 2688 humanaprat
1764 2659 1768 2683 1

327 2683 450 2716 fiducia
467 2684 659 2729 praeditus:
691 2695 788 2728 quam
809 2695 874 2716 non
895 2687 1014 2716 natura
1035 2683 1137 2716 solum
1162 2684 1210 2717 illi
1228 2685 1408 2724 attulerat,
1439 2682 1579 2726 spadoni
1596 2682 1746 2714 nimxrum

328 2732 363 2761 et
378 2727 477 2773 longe
493 2733 605 2764 aetate
624 2733 803 2774 provecto,
825 2728 886 2763 sed
906 2728 1007 2763 etiam
1023 2727 1189 2763 abdicatio
1205 2730 1384 2770 bonorum,
1406 2732 1441 2762 et
1454 2726 1650 2773 inculpata,
1667 2724 1745 2759 sim-
