<?xml version="1.0" encoding="UTF-8"?>
<!DOCTYPE html PUBLIC "-//W3C//DTD XHTML 1.0 Transitional//EN"
    "http://www.w3.org/TR/xhtml1/DTD/xhtml1-transitional.dtd">
<html xmlns="http://www.w3.org/1999/xhtml" xml:lang="en" lang="en">
 <head>
  <title>
</title>
<meta http-equiv="Content-Type" content="text/html;charset=utf-8" />
  <meta name='ocr-system' content='tesseract 3.04.00' />
  <meta name='ocr-capabilities' content='ocr_page ocr_carea ocr_par ocr_line ocrx_word'/>
</head>
<body>
  <div class='ocr_page' id='page_1' title='image "./corpusscriptorum33niebuoft/corpusscriptorum33niebuoft_0457.png"; bbox 0 0 1748 3094; ppageno 0'>
   <div class='ocr_carea' id='block_1_1' title="bbox 388 167 1491 221">
    <p class='ocr_par' dir='ltr' id='par_1_1' title="bbox 388 167 1491 221">
     <span class='ocr_line' id='line_1_1' title="bbox 388 167 1491 221; baseline -0.004 -1"><span class='ocrx_word' id='word_1_1' title='bbox 388 174 447 220; x_wconf 83' lang='lat' dir='ltr'><strong><em>IN</em></strong></span> <span class='ocrx_word' id='word_1_2' title='bbox 472 173 681 220; x_wconf 86' lang='lat' dir='ltr'><strong>LEONIS</strong></span> <span class='ocrx_word' id='word_1_3' title='bbox 707 173 944 221; x_wconf 83' lang='lat' dir='ltr'><strong>DIACONI</strong></span> <span class='ocrx_word' id='word_1_4' title='bbox 971 173 1132 220; x_wconf 84' lang='lat' dir='ltr'><strong>LJB.1.</strong></span> <span class='ocrx_word' id='word_1_5' title='bbox 1389 167 1491 216; x_wconf 82' lang='lat'><strong><em>413</em></strong></span> 
     </span>
    </p>
   </div>
   <div class='ocr_carea' id='block_1_2' title="bbox 36 276 1569 2737">
    <p class='ocr_par' dir='ltr' id='par_1_2' title="bbox 36 276 1490 389">
     <span class='ocr_line' id='line_1_2' title="bbox 36 276 1490 335; baseline 0 -16"><span class='ocrx_word' id='word_1_6' title='bbox 36 280 161 332; x_wconf 73' lang='lat' dir='ltr'><strong>fiunt.</strong></span> <span class='ocrx_word' id='word_1_7' title='bbox 205 277 454 320; x_wconf 76' lang='lat' dir='ltr'><strong>Adiectivmn</strong></span> <span class='ocrx_word' id='word_1_8' title='bbox 473 276 729 335; x_wconf 73' lang='grc' dir='ltr'><strong><em>παράβολος,</em></strong></span> <span class='ocrx_word' id='word_1_9' title='bbox 743 279 897 333; x_wconf 71' lang='lat' dir='ltr'><strong>audax,</strong></span> <span class='ocrx_word' id='word_1_10' title='bbox 920 281 1165 330; x_wconf 69' lang='lat' dir='ltr'><strong>temerarius,</strong></span> <span class='ocrx_word' id='word_1_11' title='bbox 1186 278 1306 319; x_wconf 81' lang='lat' dir='ltr'><strong>habet</strong></span> <span class='ocrx_word' id='word_1_12' title='bbox 1322 278 1400 319; x_wconf 80' lang='lat' dir='ltr'><strong>Leo</strong></span> <span class='ocrx_word' id='word_1_13' title='bbox 1423 282 1490 325; x_wconf 80' lang='lat'><strong><em>12.</em></strong></span> 
     </span>
     <span class='ocr_line' id='line_1_3' title="bbox 47 333 603 389; baseline -0.007 -10"><span class='ocrx_word' id='word_1_14' title='bbox 47 337 96 377; x_wconf 83' lang='lat' dir='ltr'><strong>C.</strong></span> <span class='ocrx_word' id='word_1_15' title='bbox 125 333 455 389; x_wconf 67' lang='grc' dir='ltr'><strong><em>παραβολώτατος</em></strong></span> <span class='ocrx_word' id='word_1_16' title='bbox 470 339 538 380; x_wconf 81' lang='lat'><strong><em>23.</em></strong></span> <span class='ocrx_word' id='word_1_17' title='bbox 561 337 603 376; x_wconf 86' lang='lat' dir='ltr'><strong><em>G.</em></strong></span> 
     </span>
    </p>

    <p class='ocr_par' dir='ltr' id='par_1_3' title="bbox 47 389 1569 1285">
     <span class='ocr_line' id='line_1_4' title="bbox 159 389 1493 447; baseline -0.007 -10"><span class='ocrx_word' id='word_1_18' title='bbox 159 391 262 436; x_wconf 71' lang='lat' dir='ltr'><strong>Ibid·</strong></span> <span class='ocrx_word' id='word_1_19' title='bbox 290 394 363 431; x_wconf 74' lang='lat' dir='ltr'><strong><em>lm·</em></strong></span> <span class='ocrx_word' id='word_1_20' title='bbox 382 397 449 436; x_wconf 74' lang='lat'><strong>22.</strong></span> <span class='ocrx_word' id='word_1_21' title='bbox 478 392 522 434; x_wconf 73' lang='grc' dir='ltr'><strong><em>ἒκ</em></strong></span> <span class='ocrx_word' id='word_1_22' title='bbox 546 395 622 434; x_wconf 85' lang='grc' dir='ltr'><strong><em>τοῦ</em></strong></span> <span class='ocrx_word' id='word_1_23' title='bbox 636 391 908 447; x_wconf 77' lang='grc' dir='ltr'><strong><em>παρείκοντος]</em></strong></span> <span class='ocrx_word' id='word_1_24' title='bbox 936 392 999 430; x_wconf 84' lang='lat' dir='ltr'><strong><em>Ex</em></strong></span> <span class='ocrx_word' id='word_1_25' title='bbox 1017 389 1183 442; x_wconf 78' lang='lat' dir='ltr'><strong>Agathia</strong></span> <span class='ocrx_word' id='word_1_26' title='bbox 1201 395 1270 434; x_wconf 90' lang='grc'><strong><em>67.</em></strong></span> <span class='ocrx_word' id='word_1_27' title='bbox 1293 391 1340 432; x_wconf 89' lang='lat' dir='ltr'><strong><em>D.</em></strong></span> <span class='ocrx_word' id='word_1_28' title='bbox 1367 393 1493 430; x_wconf 72' lang='lat' dir='ltr'><strong>forma</strong></span> 
     </span>
     <span class='ocr_line' id='line_1_5' title="bbox 47 447 1492 501; baseline -0.001 -14"><span class='ocrx_word' id='word_1_29' title='bbox 47 448 236 500; x_wconf 87' lang='lat' dir='ltr'><strong>loquendi</strong></span> <span class='ocrx_word' id='word_1_30' title='bbox 260 449 432 487; x_wconf 80' lang='lat' dir='ltr'><strong>rariore:</strong></span> <span class='ocrx_word' id='word_1_31' title='bbox 460 448 543 488; x_wconf 78' lang='lat' dir='ltr'><strong>vid.</strong></span> <span class='ocrx_word' id='word_1_32' title='bbox 570 449 703 501; x_wconf 86' lang='lat' dir='ltr'><strong>Viger.</strong></span> <span class='ocrx_word' id='word_1_33' title='bbox 730 450 786 488; x_wconf 87' lang='lat' dir='ltr'><strong><em>De</em></strong></span> <span class='ocrx_word' id='word_1_34' title='bbox 802 448 988 488; x_wconf 85' lang='lat' dir='ltr'><strong>idiotism.</strong></span> <span class='ocrx_word' id='word_1_35' title='bbox 1017 448 1079 490; x_wconf 86' lang='lat' dir='ltr'><strong>ed.</strong></span> <span class='ocrx_word' id='word_1_36' title='bbox 1106 447 1318 486; x_wconf 72' lang='lat' dir='ltr'><strong>Hermann.</strong></span> <span class='ocrx_word' id='word_1_37' title='bbox 1339 448 1433 491; x_wconf 82' lang='lat'><strong><em>429</em></strong></span> <span class='ocrx_word' id='word_1_38' title='bbox 1448 448 1492 488; x_wconf 87' lang='lat' dir='ltr'><strong>B.</strong></span> 
     </span>
     <span class='ocr_line' id='line_1_6' title="bbox 49 503 1498 557; baseline -0.002 -13"><span class='ocrx_word' id='word_1_39' title='bbox 49 504 236 557; x_wconf 71' lang='grc' dir='ltr'><strong><em>Παρείκω</em></strong></span> <span class='ocrx_word' id='word_1_40' title='bbox 266 504 488 555; x_wconf 81' lang='lat' dir='ltr'><strong>significare</strong></span> <span class='ocrx_word' id='word_1_41' title='bbox 514 504 628 554; x_wconf 85' lang='lat' dir='ltr'><strong>cedo,</strong></span> <span class='ocrx_word' id='word_1_42' title='bbox 657 504 849 552; x_wconf 78' lang='lat' dir='ltr'><strong>concedo,</strong></span> <span class='ocrx_word' id='word_1_43' title='bbox 872 506 1079 556; x_wconf 77' lang='lat' dir='ltr'><strong>permitto,</strong></span> <span class='ocrx_word' id='word_1_44' title='bbox 1107 511 1248 542; x_wconf 71' lang='lat' dir='ltr'><strong>notum</strong></span> <span class='ocrx_word' id='word_1_45' title='bbox 1270 510 1343 543; x_wconf 87' lang='lat' dir='ltr'><strong>est.</strong></span> <span class='ocrx_word' id='word_1_46' title='bbox 1400 503 1498 541; x_wconf 90' lang='lat' dir='ltr'><strong>Inde</strong></span> 
     </span>
     <span class='ocr_line' id='line_1_7' title="bbox 47 557 1497 629; baseline -0.001 -31"><span class='ocrx_word' id='word_1_47' title='bbox 47 559 213 613; x_wconf 79' lang='lat' dir='ltr'><strong>phrases</strong></span> <span class='ocrx_word' id='word_1_48' title='bbox 244 559 288 601; x_wconf 74' lang='grc' dir='ltr'><strong><em>ἐκ</em></strong></span> <span class='ocrx_word' id='word_1_49' title='bbox 312 563 386 601; x_wconf 77' lang='grc' dir='ltr'><strong><em>τοῦ</em></strong></span> <span class='ocrx_word' id='word_1_50' title='bbox 406 561 661 613; x_wconf 82' lang='grc' dir='ltr'><strong><em>παρείκοντος</em></strong></span> <span class='ocrx_word' id='word_1_51' title='bbox 688 568 728 600; x_wconf 89' lang='lat' dir='ltr'><strong>et</strong></span> <span class='ocrx_word' id='word_1_52' title='bbox 756 559 856 602; x_wconf 71' lang='grc' dir='ltr'><strong><em>κατὰ</em></strong></span> <span class='ocrx_word' id='word_1_53' title='bbox 881 557 927 601; x_wconf 79' lang='grc' dir='ltr'><strong><em>το“</em></strong></span> <span class='ocrx_word' id='word_1_54' title='bbox 946 563 1155 629; x_wconf 79' lang='grc' dir='ltr'><strong><em>παρεῖκον,</em></strong></span> <span class='ocrx_word' id='word_1_55' title='bbox 1177 573 1256 611; x_wconf 82' lang='lat' dir='ltr'><strong><em>pro</em></strong></span> <span class='ocrx_word' id='word_1_56' title='bbox 1280 560 1497 610; x_wconf 80' lang='lat' dir='ltr'><em>facultate.</em></span> 
     </span>
     <span class='ocr_line' id='line_1_8' title="bbox 47 611 1497 686; baseline -0.003 -26"><span class='ocrx_word' id='word_1_57' title='bbox 47 615 163 655; x_wconf 75' lang='lat' dir='ltr'><strong>Phllo</strong></span> <span class='ocrx_word' id='word_1_58' title='bbox 197 616 253 654; x_wconf 63' lang='lat' dir='ltr'><strong><em>De</em></strong></span> <span class='ocrx_word' id='word_1_59' title='bbox 276 616 361 655; x_wconf 67' lang='lat' dir='ltr'><strong>Vita</strong></span> <span class='ocrx_word' id='word_1_60' title='bbox 376 616 498 655; x_wconf 75' lang='grc' dir='ltr'>Μο818</span> <span class='ocrx_word' id='word_1_61' title='bbox 515 618 609 660; x_wconf 86' lang='grc'><strong>530.</strong></span> <span class='ocrx_word' id='word_1_62' title='bbox 628 617 676 657; x_wconf 90' lang='lat' dir='ltr'><strong><em>A.</em></strong></span> <span class='ocrx_word' id='word_1_63' title='bbox 700 617 796 665; x_wconf 77' lang='grc' dir='ltr'><strong><em>ἔθος</em></strong></span> <span class='ocrx_word' id='word_1_64' title='bbox 811 614 900 686; x_wconf 74' lang='grc' dir='ltr'><strong><em>γὰρ</em></strong></span> <span class='ocrx_word' id='word_1_65' title='bbox 905 611 981 669; x_wconf 82' lang='grc' dir='ltr'><strong><em>ἦν,</em></strong></span> <span class='ocrx_word' id='word_1_66' title='bbox 1010 612 1070 656; x_wconf 74' lang='grc' dir='ltr'><strong><em>ἆεὶ</em></strong></span> <span class='ocrx_word' id='word_1_67' title='bbox 1087 614 1160 667; x_wconf 79' lang='grc' dir='ltr'><strong><em>μὲν</em></strong></span> <span class='ocrx_word' id='word_1_68' title='bbox 1180 631 1280 656; x_wconf 75' lang='grc' dir='ltr'><strong><em>κατα</em></strong></span> <span class='ocrx_word' id='word_1_69' title='bbox 1297 631 1342 657; x_wconf 83' lang='grc' dir='ltr'><strong><em>το</em></strong></span> <span class='ocrx_word' id='word_1_70' title='bbox 1361 619 1497 668; x_wconf 67' lang='grc' dir='ltr'><strong><em>παρεῖ·</em></strong></span> 
     </span>
     <span class='ocr_line' id='line_1_9' title="bbox 48 668 1498 741; baseline -0.001 -28"><span class='ocrx_word' id='word_1_71' title='bbox 48 686 136 721; x_wconf 71' lang='grc' dir='ltr'><strong><em>κον,</em></strong></span> <span class='ocrx_word' id='word_1_72' title='bbox 163 670 470 726; x_wconf 74' lang='grc' dir='ltr'><strong><em>προηγουμένως</em></strong></span> <span class='ocrx_word' id='word_1_73' title='bbox 484 671 529 712; x_wconf 76' lang='grc' dir='ltr'><strong><em>δὲ</em></strong></span> <span class='ocrx_word' id='word_1_74' title='bbox 547 677 630 720; x_wconf 81' lang='grc' dir='ltr'><strong><em>τοῖς</em></strong></span> <span class='ocrx_word' id='word_1_75' title='bbox 649 670 845 725; x_wconf 72' lang='grc' dir='ltr'><strong><em>ἑβδόμαις,</em></strong></span> <span class='ocrx_word' id='word_1_76' title='bbox 866 688 921 719; x_wconf 84' lang='grc' dir='ltr'><strong><em>ως</em></strong></span> <span class='ocrx_word' id='word_1_77' title='bbox 937 668 1115 735; x_wconf 62' lang='grc' dir='ltr'><strong><em>ἐδήλωσα</em></strong></span> <span class='ocrx_word' id='word_1_78' title='bbox 1132 687 1199 711; x_wconf 81' lang='grc' dir='ltr'><strong><em>και</em></strong></span> <span class='ocrx_word' id='word_1_79' title='bbox 1218 668 1410 741; x_wconf 78' lang='grc' dir='ltr'><strong><em>πρόσθεν,</em></strong></span> <span class='ocrx_word' id='word_1_80' title='bbox 1430 687 1498 723; x_wconf 86' lang='grc' dir='ltr'><strong><em>φι-</em></strong></span> 
     </span>
     <span class='ocr_line' id='line_1_10' title="bbox 48 726 1499 791; baseline -0.001 -22"><span class='ocrx_word' id='word_1_81' title='bbox 48 731 248 791; x_wconf 77' lang='grc' dir='ltr'><strong><em>λοσοφεῖν.</em></strong></span> <span class='ocrx_word' id='word_1_82' title='bbox 290 729 367 766; x_wconf 85' lang='lat' dir='ltr'><strong><em>Ubi</em></strong></span> <span class='ocrx_word' id='word_1_83' title='bbox 391 728 662 779; x_wconf 79' lang='lat' dir='ltr'><strong>sigismundus</strong></span> <span class='ocrx_word' id='word_1_84' title='bbox 675 728 887 767; x_wconf 74' lang='lat' dir='ltr'><strong>Gelenius</strong></span> <span class='ocrx_word' id='word_1_85' title='bbox 874 741 917 765; x_wconf 89' lang='grc' dir='ltr'><strong><em>ιιι</em></strong></span> <span class='ocrx_word' id='word_1_86' title='bbox 940 727 1115 766; x_wconf 75' lang='lat' dir='ltr'>versione</span> <span class='ocrx_word' id='word_1_87' title='bbox 1129 726 1229 767; x_wconf 70' lang='grc' dir='ltr'><strong><em>κατᾶ</em></strong></span> <span class='ocrx_word' id='word_1_88' title='bbox 1246 743 1292 768; x_wconf 83' lang='grc' dir='ltr'><strong><em>το</em></strong></span> <span class='ocrx_word' id='word_1_89' title='bbox 1308 732 1499 780; x_wconf 74' lang='grc' dir='ltr'><strong><em>παρεῖκον</em></strong></span> 
     </span>
     <span class='ocr_line' id='line_1_11' title="bbox 50 783 1498 836; baseline -0.001 -14"><span class='ocrx_word' id='word_1_90' title='bbox 50 784 214 822; x_wconf 88' lang='lat' dir='ltr'><strong>omnino</strong></span> <span class='ocrx_word' id='word_1_91' title='bbox 247 798 330 823; x_wconf 89' lang='lat' dir='ltr'><strong><em>non</em></strong></span> <span class='ocrx_word' id='word_1_92' title='bbox 366 784 584 836; x_wconf 83' lang='lat' dir='ltr'><strong>expressit.</strong></span> <span class='ocrx_word' id='word_1_93' title='bbox 614 784 784 823; x_wconf 80' lang='lat' dir='ltr'><strong>Thomas</strong></span> <span class='ocrx_word' id='word_1_94' title='bbox 817 784 984 835; x_wconf 80' lang='lat' dir='ltr'><strong>Mangey</strong></span> <span class='ocrx_word' id='word_1_95' title='bbox 1014 783 1184 821; x_wconf 81' lang='lat' dir='ltr'>editione</span> <span class='ocrx_word' id='word_1_96' title='bbox 1212 783 1426 834; x_wconf 81' lang='lat' dir='ltr'><strong>Anglicana</strong></span> <span class='ocrx_word' id='word_1_97' title='bbox 1449 783 1498 822; x_wconf 87' lang='lat'><strong>11.</strong></span> 
     </span>
     <span class='ocr_line' id='line_1_12' title="bbox 52 838 1499 893; baseline -0.003 -10"><span class='ocrx_word' id='word_1_98' title='bbox 52 843 144 883; x_wconf 88' lang='grc'><strong>167.</strong></span> <span class='ocrx_word' id='word_1_99' title='bbox 163 843 231 882; x_wconf 82' lang='lat'><strong>47.</strong></span> <span class='ocrx_word' id='word_1_100' title='bbox 252 839 446 888; x_wconf 81' lang='lat' dir='ltr'><strong>reddidit,</strong></span> <span class='ocrx_word' id='word_1_101' title='bbox 477 839 800 893; x_wconf 77' lang='lat' dir='ltr'><em>quandocunque</em></span> <span class='ocrx_word' id='word_1_102' title='bbox 830 838 1081 878; x_wconf 84' lang='lat' dir='ltr'><strong>commodum</strong></span> <span class='ocrx_word' id='word_1_103' title='bbox 1098 846 1206 878; x_wconf 68' lang='lat' dir='ltr'><strong>esset.</strong></span> <span class='ocrx_word' id='word_1_104' title='bbox 1261 838 1499 878; x_wconf 74' lang='lat' dir='ltr'><strong>Plutarchus</strong></span> 
     </span>
     <span class='ocr_line' id='line_1_13' title="bbox 50 891 1569 949; baseline 0.001 -15"><span class='ocrx_word' id='word_1_105' title='bbox 50 895 107 934; x_wconf 88' lang='lat' dir='ltr'><strong><em>De</em></strong></span> <span class='ocrx_word' id='word_1_106' title='bbox 134 895 269 935; x_wconf 84' lang='lat' dir='ltr'><strong>liberis</strong></span> <span class='ocrx_word' id='word_1_107' title='bbox 292 896 506 935; x_wconf 73' lang='lat' dir='ltr'>educandis</span> <span class='ocrx_word' id='word_1_108' title='bbox 524 899 565 939; x_wconf 90' lang='lat'><strong><em>8.</em></strong></span> <span class='ocrx_word' id='word_1_109' title='bbox 587 898 631 935; x_wconf 90' lang='lat' dir='ltr'><strong><em>A.</em></strong></span> <span class='ocrx_word' id='word_1_110' title='bbox 658 900 732 949; x_wconf 86' lang='grc' dir='ltr'><strong><em>τῆς</em></strong></span> <span class='ocrx_word' id='word_1_111' title='bbox 753 896 994 948; x_wconf 78' lang='grc' dir='ltr'><strong><em>φιλοσοφίας</em></strong></span> <span class='ocrx_word' id='word_1_112' title='bbox 1017 891 1382 947; x_wconf 70' lang='grc' dir='ltr'><strong><em>ἐπιλαμβάνεσθαι</em></strong></span> <span class='ocrx_word' id='word_1_113' title='bbox 1400 893 1500 935; x_wconf 75' lang='grc' dir='ltr'><strong><em>κατὰ</em></strong></span> <span class='ocrx_word' id='word_1_114' title='bbox 1566 907 1569 909; x_wconf 82' lang='grc'><strong><em>·</em></strong></span> 
     </span>
     <span class='ocr_line' id='line_1_14' title="bbox 50 950 1500 1005; baseline -0.001 -13"><span class='ocrx_word' id='word_1_115' title='bbox 50 966 95 993; x_wconf 81' lang='grc' dir='ltr'><strong><em>το</em></strong></span> <span class='ocrx_word' id='word_1_116' title='bbox 134 955 325 1004; x_wconf 72' lang='grc' dir='ltr'><strong><em>παρεῖκον</em></strong></span> <span class='ocrx_word' id='word_1_117' title='bbox 351 955 432 992; x_wconf 79' lang='grc' dir='ltr'><strong><em>τῶν</em></strong></span> <span class='ocrx_word' id='word_1_118' title='bbox 459 955 624 1004; x_wconf 77' lang='grc' dir='ltr'><strong><em>καιρῶν.</em></strong></span> <span class='ocrx_word' id='word_1_119' title='bbox 679 953 818 992; x_wconf 73' lang='lat' dir='ltr'><strong>Utitur</strong></span> <span class='ocrx_word' id='word_1_120' title='bbox 847 964 1004 1005; x_wconf 87' lang='lat' dir='ltr'><strong>quoque</strong></span> <span class='ocrx_word' id='word_1_121' title='bbox 1035 950 1233 1001; x_wconf 80' lang='lat' dir='ltr'><strong>Agathias,</strong></span> <span class='ocrx_word' id='word_1_122' title='bbox 1264 952 1357 994; x_wconf 86' lang='lat'><strong>150.</strong></span> <span class='ocrx_word' id='word_1_123' title='bbox 1379 951 1423 989; x_wconf 93' lang='lat' dir='ltr'><strong><em>D.</em></strong></span> <span class='ocrx_word' id='word_1_124' title='bbox 1443 951 1500 990; x_wconf 83' lang='lat' dir='ltr'><strong><em>De</em></strong></span> 
     </span>
     <span class='ocr_line' id='line_1_15' title="bbox 51 1005 1499 1061; baseline 0 -16"><span class='ocrx_word' id='word_1_125' title='bbox 51 1007 169 1045; x_wconf 88' lang='lat' dir='ltr'><strong>simili</strong></span> <span class='ocrx_word' id='word_1_126' title='bbox 188 1006 338 1059; x_wconf 77' lang='lat' dir='ltr'><strong>phrasi,</strong></span> <span class='ocrx_word' id='word_1_127' title='bbox 364 1005 584 1061; x_wconf 57' lang='lat' dir='ltr'><strong><em>modum*</em></strong></span> <span class='ocrx_word' id='word_1_128' title='bbox 564 1023 667 1058; x_wconf 84' lang='grc' dir='ltr'><strong><em>οποι,</em></strong></span> <span class='ocrx_word' id='word_1_129' title='bbox 696 1022 938 1061; x_wconf 83' lang='lat' dir='ltr'><strong>quacunque</strong></span> <span class='ocrx_word' id='word_1_130' title='bbox 955 1006 1123 1045; x_wconf 75' lang='lat' dir='ltr'><strong>dabitur</strong></span> <span class='ocrx_word' id='word_1_131' title='bbox 1136 1009 1307 1056; x_wconf 68' lang='lat' dir='ltr'><strong>occasio,</strong></span> <span class='ocrx_word' id='word_1_132' title='bbox 1336 1021 1359 1045; x_wconf 82' lang='lat' dir='ltr'><strong>a</strong></span> <span class='ocrx_word' id='word_1_133' title='bbox 1374 1007 1499 1045; x_wconf 83' lang='lat' dir='ltr'><strong>verbo</strong></span> 
     </span>
     <span class='ocr_line' id='line_1_16' title="bbox 52 1063 1499 1126; baseline -0.001 -24"><span class='ocrx_word' id='word_1_134' title='bbox 52 1064 242 1115; x_wconf 78' lang='grc' dir='ltr'><strong><em>παρίημι,</em></strong></span> <span class='ocrx_word' id='word_1_135' title='bbox 271 1064 340 1102; x_wconf 79' lang='lat' dir='ltr'><strong>alii</strong></span> <span class='ocrx_word' id='word_1_136' title='bbox 370 1064 576 1103; x_wconf 84' lang='lat' dir='ltr'><strong>commode</strong></span> <span class='ocrx_word' id='word_1_137' title='bbox 600 1072 885 1116; x_wconf 76' lang='lat' dir='ltr'><strong>exposuerunt:</strong></span> <span class='ocrx_word' id='word_1_138' title='bbox 915 1064 1040 1103; x_wconf 88' lang='lat' dir='ltr'><strong>utitur</strong></span> <span class='ocrx_word' id='word_1_139' title='bbox 1070 1064 1147 1101; x_wconf 80' lang='lat' dir='ltr'><strong><em>Leo</em></strong></span> <span class='ocrx_word' id='word_1_140' title='bbox 1167 1066 1206 1126; x_wconf 88' lang='lat'><strong><em>6.</em></strong></span> <span class='ocrx_word' id='word_1_141' title='bbox 1226 1063 1273 1103; x_wconf 89' lang='lat' dir='ltr'><strong><em>A.</em></strong></span> <span class='ocrx_word' id='word_1_142' title='bbox 1295 1067 1361 1106; x_wconf 87' lang='lat'><strong><em>71.</em></strong></span> <span class='ocrx_word' id='word_1_143' title='bbox 1382 1063 1428 1100; x_wconf 92' lang='lat' dir='ltr'><strong><em>D.</em></strong></span> <span class='ocrx_word' id='word_1_144' title='bbox 1447 1076 1499 1101; x_wconf 81' lang='lat' dir='ltr'><strong>ex</strong></span> 
     </span>
     <span class='ocr_line' id='line_1_17' title="bbox 51 1118 1537 1173; baseline 0 -16"><span class='ocrx_word' id='word_1_145' title='bbox 51 1118 219 1169; x_wconf 80' lang='lat' dir='ltr'><strong>Agathia</strong></span> <span class='ocrx_word' id='word_1_146' title='bbox 236 1123 330 1163; x_wconf 92' lang='lat'><strong>126.</strong></span> <span class='ocrx_word' id='word_1_147' title='bbox 345 1119 394 1157; x_wconf 93' lang='lat' dir='ltr'><strong><em>D.</em></strong></span> <span class='ocrx_word' id='word_1_148' title='bbox 414 1120 506 1162; x_wconf 79' lang='grc'>143.</span> <span class='ocrx_word' id='word_1_149' title='bbox 524 1121 568 1158; x_wconf 84' lang='grc' dir='ltr'><strong>Β.</strong></span> <span class='ocrx_word' id='word_1_150' title='bbox 588 1123 679 1164; x_wconf 90' lang='lat'><strong>168.</strong></span> <span class='ocrx_word' id='word_1_151' title='bbox 701 1122 742 1162; x_wconf 84' lang='lat' dir='ltr'><strong>C.</strong></span> <span class='ocrx_word' id='word_1_152' title='bbox 772 1122 840 1173; x_wconf 90' lang='lat' dir='ltr'><strong><em>qui</em></strong></span> <span class='ocrx_word' id='word_1_153' title='bbox 854 1121 940 1173; x_wconf 87' lang='lat' dir='ltr'><strong>ipse</strong></span> <span class='ocrx_word' id='word_1_154' title='bbox 958 1119 1096 1168; x_wconf 87' lang='lat' dir='ltr'><strong>habet,</strong></span> <span class='ocrx_word' id='word_1_155' title='bbox 1125 1118 1287 1171; x_wconf 84' lang='lat' dir='ltr'>opinor,</span> <span class='ocrx_word' id='word_1_156' title='bbox 1316 1132 1366 1157; x_wconf 83' lang='lat' dir='ltr'><strong>ex</strong></span> <span class='ocrx_word' id='word_1_157' title='bbox 1383 1118 1495 1157; x_wconf 78' lang='grc' dir='ltr'><strong><em>ΤΙιιι·</em></strong></span> <span class='ocrx_word' id='word_1_158' title='bbox 1504 1127 1537 1162; x_wconf 84' lang='lat' dir='ltr'>c</span> 
     </span>
     <span class='ocr_line' id='line_1_18' title="bbox 53 1172 1500 1244; baseline 0.002 -32"><span class='ocrx_word' id='word_1_159' title='bbox 53 1174 196 1227; x_wconf 64' lang='lat' dir='ltr'><strong>qdide</strong></span> <span class='ocrx_word' id='word_1_160' title='bbox 234 1178 328 1218; x_wconf 85' lang='lat'><strong><em>173</em></strong></span> <span class='ocrx_word' id='word_1_161' title='bbox 348 1176 394 1214; x_wconf 92' lang='lat' dir='ltr'>A</span> <span class='ocrx_word' id='word_1_162' title='bbox 400 1172 513 1227; x_wconf 78' lang='grc' dir='ltr'><strong><em>’Ὀπη</em></strong></span> <span class='ocrx_word' id='word_1_163' title='bbox 533 1174 577 1216; x_wconf 78' lang='grc' dir='ltr'><strong><em>δὲ</em></strong></span> <span class='ocrx_word' id='word_1_164' title='bbox 590 1191 763 1244; x_wconf 84' lang='grc' dir='ltr'><strong><em>παρηκει</em></strong></span> <span class='ocrx_word' id='word_1_165' title='bbox 781 1178 882 1215; x_wconf 73' lang='lat' dir='ltr'><strong>male</strong></span> <span class='ocrx_word' id='word_1_166' title='bbox 900 1176 1134 1227; x_wconf 85' lang='lat' dir='ltr'><strong>impressum</strong></span> <span class='ocrx_word' id='word_1_167' title='bbox 1155 1180 1215 1213; x_wconf 86' lang='lat' dir='ltr'><strong>est</strong></span> <span class='ocrx_word' id='word_1_168' title='bbox 1233 1175 1338 1227; x_wconf 84' lang='lat' dir='ltr'><strong>apud</strong></span> <span class='ocrx_word' id='word_1_169' title='bbox 1358 1175 1500 1215; x_wconf 81' lang='lat' dir='ltr'><strong>Cedre-</strong></span> 
     </span>
     <span class='ocr_line' id='line_1_19' title="bbox 53 1229 1444 1294; baseline -0.004 -19"><span class='ocrx_word' id='word_1_170' title='bbox 53 1243 163 1280; x_wconf 87' lang='lat' dir='ltr'><strong>num,</strong></span> <span class='ocrx_word' id='word_1_171' title='bbox 191 1230 239 1268; x_wconf 84' lang='lat'><strong><em>11·</em></strong></span> <span class='ocrx_word' id='word_1_172' title='bbox 259 1234 353 1274; x_wconf 88' lang='grc'><strong>667.</strong></span> <span class='ocrx_word' id='word_1_173' title='bbox 383 1231 426 1269; x_wconf 90' lang='lat' dir='ltr'><strong><em>C.</em></strong></span> <span class='ocrx_word' id='word_1_174' title='bbox 443 1247 542 1272; x_wconf 82' lang='grc' dir='ltr'><strong><em>κατα</em></strong></span> <span class='ocrx_word' id='word_1_175' title='bbox 562 1229 606 1272; x_wconf 85' lang='grc' dir='ltr'><strong><em>τὸ</em></strong></span> <span class='ocrx_word' id='word_1_176' title='bbox 621 1235 804 1285; x_wconf 81' lang='grc' dir='ltr'><strong><em>παρῆκον</em></strong></span> <span class='ocrx_word' id='word_1_177' title='bbox 825 1232 912 1281; x_wconf 88' lang='lat' dir='ltr'><strong>[sic]</strong></span> <span class='ocrx_word' id='word_1_178' title='bbox 935 1231 1040 1283; x_wconf 72' lang='lat' dir='ltr'><strong>apud</strong></span> <span class='ocrx_word' id='word_1_179' title='bbox 1061 1230 1286 1294; x_wconf 47' lang='lat' dir='ltr'><strong>Agathinus,</strong></span> <span class='ocrx_word' id='word_1_180' title='bbox 1315 1234 1382 1274; x_wconf 91' lang='lat'><strong><em>98.</em></strong></span> <span class='ocrx_word' id='word_1_181' title='bbox 1402 1232 1444 1270; x_wconf 89' lang='lat' dir='ltr'><strong><em>C.</em></strong></span> 
     </span>
    </p>

    <p class='ocr_par' dir='ltr' id='par_1_4' title="bbox 56 1284 1501 1386">
     <span class='ocr_line' id='line_1_20' title="bbox 164 1284 1498 1341; baseline 0.003 -18"><span class='ocrx_word' id='word_1_182' title='bbox 164 1284 267 1324; x_wconf 86' lang='lat' dir='ltr'><strong>lbid.</strong></span> <span class='ocrx_word' id='word_1_183' title='bbox 290 1287 364 1327; x_wconf 80' lang='lat' dir='ltr'><strong>lin.</strong></span> <span class='ocrx_word' id='word_1_184' title='bbox 381 1290 448 1330; x_wconf 85' lang='lat'><strong><em>23.</em></strong></span> <span class='ocrx_word' id='word_1_185' title='bbox 478 1303 555 1341; x_wconf 85' lang='grc' dir='ltr'><strong><em>προ</em></strong></span> <span class='ocrx_word' id='word_1_186' title='bbox 575 1291 647 1328; x_wconf 80' lang='grc' dir='ltr'><strong><em>τοῦ</em></strong></span> <span class='ocrx_word' id='word_1_187' title='bbox 660 1301 798 1336; x_wconf 85' lang='grc' dir='ltr'><strong><em>αστεος</em></strong></span> <span class='ocrx_word' id='word_1_188' title='bbox 817 1288 1069 1339; x_wconf 72' lang='grc' dir='ltr'><strong><em>διεχείμαζεν]</em></strong></span> <span class='ocrx_word' id='word_1_189' title='bbox 1086 1286 1201 1324; x_wconf 86' lang='lat' dir='ltr'><strong><em>Hac</em></strong></span> <span class='ocrx_word' id='word_1_190' title='bbox 1189 1300 1275 1337; x_wconf 77' lang='lat' dir='ltr'><strong>ipsa</strong></span> <span class='ocrx_word' id='word_1_191' title='bbox 1297 1285 1438 1336; x_wconf 75' lang='lat' dir='ltr'><strong>hieme,</strong></span> <span class='ocrx_word' id='word_1_192' title='bbox 1456 1285 1498 1325; x_wconf 86' lang='lat' dir='ltr'><strong>h.</strong></span> 
     </span>
     <span class='ocr_line' id='line_1_21' title="bbox 56 1341 1501 1391; baseline 0.001 -12"><span class='ocrx_word' id='word_1_193' title='bbox 56 1354 89 1382; x_wconf 86' lang='lat' dir='ltr'><strong>e.</strong></span> <span class='ocrx_word' id='word_1_194' title='bbox 110 1346 279 1379; x_wconf 80' lang='lat' dir='ltr'><strong>exeunte</strong></span> <span class='ocrx_word' id='word_1_195' title='bbox 295 1355 399 1380; x_wconf 78' lang='lat' dir='ltr'><strong>anno</strong></span> <span class='ocrx_word' id='word_1_196' title='bbox 416 1346 512 1388; x_wconf 90' lang='lat'><strong>960,</strong></span> <span class='ocrx_word' id='word_1_197' title='bbox 542 1349 611 1380; x_wconf 78' lang='lat' dir='ltr'><strong><em>aut</em></strong></span> <span class='ocrx_word' id='word_1_198' title='bbox 629 1343 788 1382; x_wconf 86' lang='lat' dir='ltr'><strong>ineunte</strong></span> <span class='ocrx_word' id='word_1_199' title='bbox 810 1347 915 1391; x_wconf 89' lang='lat'><strong>961,</strong></span> <span class='ocrx_word' id='word_1_200' title='bbox 946 1342 1064 1380; x_wconf 78' lang='lat' dir='ltr'><strong>abbas</strong></span> <span class='ocrx_word' id='word_1_201' title='bbox 1080 1341 1309 1380; x_wconf 81' lang='lat' dir='ltr'><strong>monasterii</strong></span> <span class='ocrx_word' id='word_1_202' title='bbox 1330 1343 1369 1380; x_wconf 91' lang='lat' dir='ltr'><strong>S.</strong></span> <span class='ocrx_word' id='word_1_203' title='bbox 1387 1342 1501 1381; x_wconf 75' lang='lat' dir='ltr'><strong>Pauli</strong></span> 
     </span>
    </p>

    <p class='ocr_par' dir='ltr' id='par_1_5' title="bbox 53 1372 1534 2737">
     <span class='ocr_line' id='line_1_22' title="bbox 54 1372 1500 1450; baseline 0.001 -16.043"><span class='ocrx_word' id='word_1_204' title='bbox 54 1403 247 1435; x_wconf 86' lang='lat' dir='ltr'><strong>mmonte</strong></span> <span class='ocrx_word' id='word_1_205' title='bbox 261 1397 403 1447; x_wconf 78' lang='lat' dir='ltr'><strong>Latro,</strong></span> <span class='ocrx_word' id='word_1_206' title='bbox 431 1411 557 1450; x_wconf 83' lang='lat' dir='ltr'><strong>prope</strong></span> <span class='ocrx_word' id='word_1_207' title='bbox 575 1399 775 1448; x_wconf 85' lang='lat' dir='ltr'><strong>Miletum,</strong></span> <span class='ocrx_word' id='word_1_208' title='bbox 805 1400 855 1437; x_wconf 84' lang='lat' dir='ltr'><strong><em>ad</em></strong></span> <span class='ocrx_word' id='word_1_209' title='bbox 873 1372 1142 1450; x_wconf 82' lang='lat' dir='ltr'>Nicephorum</span> <span class='ocrx_word' id='word_1_210' title='bbox 1162 1397 1351 1436; x_wconf 84' lang='lat' dir='ltr'><strong>videtur</strong></span> <span class='ocrx_word' id='word_1_211' title='bbox 1339 1411 1383 1435; x_wconf 88' lang='grc' dir='ltr'><strong><em>ιιι</em></strong></span> <span class='ocrx_word' id='word_1_212' title='bbox 1403 1398 1500 1436; x_wconf 88' lang='lat' dir='ltr'><strong>Cre-</strong></span> 
     </span>
     <span class='ocr_line' id='line_1_23' title="bbox 53 1428 1500 1505; baseline 0.001 -15"><span class='ocrx_word' id='word_1_213' title='bbox 53 1459 135 1491; x_wconf 82' lang='lat' dir='ltr'><strong><em>tam</em></strong></span> <span class='ocrx_word' id='word_1_214' title='bbox 164 1428 443 1500; x_wconf 70' lang='lat' dir='ltr'><strong>mmmisiss’e,</strong></span> <span class='ocrx_word' id='word_1_215' title='bbox 473 1460 683 1505; x_wconf 77' lang='lat' dir='ltr'><strong>questurus</strong></span> <span class='ocrx_word' id='word_1_216' title='bbox 710 1455 759 1493; x_wconf 85' lang='lat' dir='ltr'><strong>de</strong></span> <span class='ocrx_word' id='word_1_217' title='bbox 787 1455 1048 1493; x_wconf 81' lang='lat' dir='ltr'><strong>obstinatione</strong></span> <span class='ocrx_word' id='word_1_218' title='bbox 1072 1452 1256 1491; x_wconf 82' lang='lat' dir='ltr'><strong>monachi</strong></span> <span class='ocrx_word' id='word_1_219' title='bbox 1276 1452 1500 1492; x_wconf 80' lang='lat' dir='ltr'><strong>cuiusdam.</strong></span> 
     </span>
     <span class='ocr_line' id='line_1_24' title="bbox 54 1502 1502 1562; baseline 0 -14"><span class='ocrx_word' id='word_1_220' title='bbox 54 1515 102 1548; x_wconf 87' lang='grc' dir='ltr'><strong><em>ιιι</em></strong></span> <span class='ocrx_word' id='word_1_221' title='bbox 121 1508 310 1548; x_wconf 85' lang='lat' dir='ltr'><strong>docemur</strong></span> <span class='ocrx_word' id='word_1_222' title='bbox 325 1523 376 1548; x_wconf 84' lang='lat' dir='ltr'><strong>ex</strong></span> <span class='ocrx_word' id='word_1_223' title='bbox 390 1509 481 1548; x_wconf 88' lang='lat' dir='ltr'><strong>Vita</strong></span> <span class='ocrx_word' id='word_1_224' title='bbox 502 1512 539 1548; x_wconf 90' lang='lat' dir='ltr'><strong>S.</strong></span> <span class='ocrx_word' id='word_1_225' title='bbox 552 1510 664 1549; x_wconf 81' lang='lat' dir='ltr'><strong>Pauli</strong></span> <span class='ocrx_word' id='word_1_226' title='bbox 683 1511 879 1550; x_wconf 79' lang='lat' dir='ltr'><strong>Lau-ensis</strong></span> <span class='ocrx_word' id='word_1_227' title='bbox 897 1524 969 1548; x_wconf 84' lang='lat' dir='ltr'><strong><em>ms.</em></strong></span> <span class='ocrx_word' id='word_1_228' title='bbox 988 1523 1105 1562; x_wconf 87' lang='lat' dir='ltr'><strong>quam</strong></span> <span class='ocrx_word' id='word_1_229' title='bbox 1126 1502 1326 1548; x_wconf 81' lang='lat' dir='ltr'><strong>Harlesius</strong></span> <span class='ocrx_word' id='word_1_230' title='bbox 1346 1510 1502 1548; x_wconf 83' lang='lat' dir='ltr'><strong>Biblio-</strong></span> 
     </span>
     <span class='ocr_line' id='line_1_25' title="bbox 54 1564 1500 1619; baseline 0.002 -16"><span class='ocrx_word' id='word_1_231' title='bbox 54 1564 170 1603; x_wconf 74' lang='lat' dir='ltr'><strong>theca</strong></span> <span class='ocrx_word' id='word_1_232' title='bbox 197 1565 345 1604; x_wconf 73' lang='lat' dir='ltr'><strong>Graeca</strong></span> <span class='ocrx_word' id='word_1_233' title='bbox 368 1566 420 1604; x_wconf 82' lang='lat' dir='ltr'><strong>X.</strong></span> <span class='ocrx_word' id='word_1_234' title='bbox 438 1568 536 1609; x_wconf 84' lang='lat'><strong>307.</strong></span> <span class='ocrx_word' id='word_1_235' title='bbox 554 1566 603 1604; x_wconf 88' lang='lat' dir='ltr'><strong><em>A.</em></strong></span> <span class='ocrx_word' id='word_1_236' title='bbox 622 1580 647 1604; x_wconf 80' lang='lat' dir='ltr'><strong>a</strong></span> <span class='ocrx_word' id='word_1_237' title='bbox 669 1566 892 1619; x_wconf 84' lang='lat' dir='ltr'><strong>Nicephoro</strong></span> <span class='ocrx_word' id='word_1_238' title='bbox 912 1565 1141 1617; x_wconf 79' lang='lat' dir='ltr'><strong>Blemmyda</strong></span> <span class='ocrx_word' id='word_1_239' title='bbox 1158 1566 1415 1617; x_wconf 80' lang='lat' dir='ltr'><strong>compositam</strong></span> <span class='ocrx_word' id='word_1_240' title='bbox 1432 1566 1500 1606; x_wconf 83' lang='lat' dir='ltr'><strong>ait.</strong></span> 
     </span>
     <span class='ocr_line' id='line_1_26' title="bbox 55 1621 1502 1676; baseline 0.001 -18"><span class='ocrx_word' id='word_1_241' title='bbox 55 1621 168 1659; x_wconf 87' lang='lat' dir='ltr'><strong>Hanc</strong></span> <span class='ocrx_word' id='word_1_242' title='bbox 195 1621 340 1669; x_wconf 75' lang='lat' dir='ltr'><strong>vitam,</strong></span> <span class='ocrx_word' id='word_1_243' title='bbox 371 1634 463 1659; x_wconf 91' lang='lat' dir='ltr'><strong><em>cum</em></strong></span> <span class='ocrx_word' id='word_1_244' title='bbox 494 1628 534 1660; x_wconf 86' lang='lat' dir='ltr'><strong>et</strong></span> <span class='ocrx_word' id='word_1_245' title='bbox 549 1630 730 1662; x_wconf 82' lang='lat' dir='ltr'><strong>accurate</strong></span> <span class='ocrx_word' id='word_1_246' title='bbox 748 1625 799 1661; x_wconf 87' lang='lat' dir='ltr'><strong><em>sit</em></strong></span> <span class='ocrx_word' id='word_1_247' title='bbox 825 1623 1065 1676; x_wconf 82' lang='lat' dir='ltr'><strong>perscripta,</strong></span> <span class='ocrx_word' id='word_1_248' title='bbox 1094 1628 1134 1660; x_wconf 90' lang='lat' dir='ltr'><strong>et</strong></span> <span class='ocrx_word' id='word_1_249' title='bbox 1149 1635 1212 1660; x_wconf 84' lang='lat' dir='ltr'><strong>res</strong></span> <span class='ocrx_word' id='word_1_250' title='bbox 1233 1622 1431 1660; x_wconf 79' lang='lat' dir='ltr'><strong>contineat</strong></span> <span class='ocrx_word' id='word_1_251' title='bbox 1450 1621 1502 1660; x_wconf 80' lang='lat' dir='ltr'><strong><em>ad</em></strong></span> 
     </span>
     <span class='ocr_line' id='line_1_27' title="bbox 56 1676 1503 1730; baseline 0.001 -16"><span class='ocrx_word' id='word_1_252' title='bbox 56 1676 329 1728; x_wconf 78' lang='lat' dir='ltr'><strong>geographiam</strong></span> <span class='ocrx_word' id='word_1_253' title='bbox 364 1676 644 1729; x_wconf 80' lang='lat' dir='ltr'><strong>historiamque</strong></span> <span class='ocrx_word' id='word_1_254' title='bbox 676 1676 838 1717; x_wconf 81' lang='lat' dir='ltr'><strong>illorum</strong></span> <span class='ocrx_word' id='word_1_255' title='bbox 870 1685 1092 1730; x_wconf 86' lang='lat' dir='ltr'><strong>temporum</strong></span> <span class='ocrx_word' id='word_1_256' title='bbox 1119 1677 1357 1716; x_wconf 82' lang='lat' dir='ltr'><strong>noscendam</strong></span> <span class='ocrx_word' id='word_1_257' title='bbox 1385 1678 1503 1716; x_wconf 78' lang='lat' dir='ltr'><strong>utiles</strong></span> 
     </span>
     <span class='ocr_line' id='line_1_28' title="bbox 58 1732 1502 1784; baseline 0.002 -14"><span class='ocrx_word' id='word_1_258' title='bbox 58 1732 218 1784; x_wconf 87' lang='lat' dir='ltr'><strong>(Paulus</strong></span> <span class='ocrx_word' id='word_1_259' title='bbox 238 1732 342 1770; x_wconf 87' lang='lat' dir='ltr'><strong>enim</strong></span> <span class='ocrx_word' id='word_1_260' title='bbox 359 1733 555 1772; x_wconf 80' lang='lat' dir='ltr'><strong>Latrensis</strong></span> <span class='ocrx_word' id='word_1_261' title='bbox 580 1735 664 1773; x_wconf 80' lang='lat' dir='ltr'><strong>vita</strong></span> <span class='ocrx_word' id='word_1_262' title='bbox 686 1735 851 1773; x_wconf 83' lang='lat' dir='ltr'><strong>excessit</strong></span> <span class='ocrx_word' id='word_1_263' title='bbox 871 1749 904 1772; x_wconf 84' lang='lat' dir='ltr'><strong>a.</strong></span> <span class='ocrx_word' id='word_1_264' title='bbox 923 1736 1017 1783; x_wconf 90' lang='lat'><strong>956,</strong></span> <span class='ocrx_word' id='word_1_265' title='bbox 1045 1733 1218 1772; x_wconf 87' lang='lat' dir='ltr'><strong>triennio</strong></span> <span class='ocrx_word' id='word_1_266' title='bbox 1243 1740 1334 1772; x_wconf 86' lang='lat' dir='ltr'><strong>ante</strong></span> <span class='ocrx_word' id='word_1_267' title='bbox 1352 1733 1502 1773; x_wconf 83' lang='lat' dir='ltr'><strong>obitum</strong></span> 
     </span>
     <span class='ocr_line' id='line_1_29' title="bbox 58 1787 1500 1842; baseline 0.003 -18"><span class='ocrx_word' id='word_1_268' title='bbox 58 1788 307 1826; x_wconf 83' lang='lat' dir='ltr'><strong>Constantini</strong></span> <span class='ocrx_word' id='word_1_269' title='bbox 331 1788 682 1840; x_wconf 75' lang='lat' dir='ltr'><strong>Pmphymgenifi,</strong></span> <span class='ocrx_word' id='word_1_270' title='bbox 710 1791 818 1828; x_wconf 86' lang='lat' dir='ltr'><strong>unde</strong></span> <span class='ocrx_word' id='word_1_271' title='bbox 845 1790 1047 1828; x_wconf 86' lang='lat' dir='ltr'><strong>historiam</strong></span> <span class='ocrx_word' id='word_1_272' title='bbox 1076 1803 1189 1828; x_wconf 82' lang='lat' dir='ltr'><strong>orsus</strong></span> <span class='ocrx_word' id='word_1_273' title='bbox 1206 1790 1284 1827; x_wconf 88' lang='lat' dir='ltr'><strong>Leo</strong></span> <span class='ocrx_word' id='word_1_274' title='bbox 1319 1787 1428 1842; x_wconf 84' lang='lat' dir='ltr'><strong>est),</strong></span> <span class='ocrx_word' id='word_1_275' title='bbox 1455 1790 1500 1828; x_wconf 90' lang='lat' dir='ltr'><strong><em>in</em></strong></span> 
     </span>
     <span class='ocr_line' id='line_1_30' title="bbox 55 1843 1501 1896; baseline 0.001 -14"><span class='ocrx_word' id='word_1_276' title='bbox 55 1844 246 1882; x_wconf 81' lang='lat' dir='ltr'><strong>volumen</strong></span> <span class='ocrx_word' id='word_1_277' title='bbox 273 1843 431 1895; x_wconf 87' lang='lat' dir='ltr'><strong>aliquod</strong></span> <span class='ocrx_word' id='word_1_278' title='bbox 461 1845 699 1896; x_wconf 84' lang='lat' dir='ltr'><strong>subsequens</strong></span> <span class='ocrx_word' id='word_1_279' title='bbox 728 1852 852 1884; x_wconf 86' lang='lat' dir='ltr'><strong>totam</strong></span> <span class='ocrx_word' id='word_1_280' title='bbox 880 1847 1068 1886; x_wconf 85' lang='lat' dir='ltr'><strong>referam:</strong></span> <span class='ocrx_word' id='word_1_281' title='bbox 1106 1845 1173 1883; x_wconf 85' lang='lat' dir='ltr'><strong>hic</strong></span> <span class='ocrx_word' id='word_1_282' title='bbox 1200 1845 1426 1894; x_wconf 77' lang='lat' dir='ltr'><strong>subiiciam,</strong></span> <span class='ocrx_word' id='word_1_283' title='bbox 1459 1846 1501 1896; x_wconf 69' lang='lat'><strong><em>¹‘)</em></strong></span> 
     </span>
     <span class='ocr_line' id='line_1_31' title="bbox 59 1899 1498 1953; baseline 0.002 -16"><span class='ocrx_word' id='word_1_284' title='bbox 59 1913 159 1950; x_wconf 87' lang='lat' dir='ltr'><strong>quae</strong></span> <span class='ocrx_word' id='word_1_285' title='bbox 173 1899 224 1937; x_wconf 86' lang='lat' dir='ltr'><strong><em>ad</em></strong></span> <span class='ocrx_word' id='word_1_286' title='bbox 239 1899 506 1952; x_wconf 85' lang='lat' dir='ltr'><strong>Nicephorum</strong></span> <span class='ocrx_word' id='word_1_287' title='bbox 526 1900 697 1939; x_wconf 86' lang='lat' dir='ltr'><strong>Phocam</strong></span> <span class='ocrx_word' id='word_1_288' title='bbox 720 1902 931 1953; x_wconf 80' lang='lat' dir='ltr'><strong>pertinent.</strong></span> <span class='ocrx_word' id='word_1_289' title='bbox 987 1903 1331 1940; x_wconf 75' lang='lat' dir='ltr'><strong>Demonstmverat</strong></span> <span class='ocrx_word' id='word_1_290' title='bbox 1348 1907 1498 1952; x_wconf 80' lang='lat' dir='ltr'><strong>auctor,</strong></span> 
     </span>
     <span class='ocr_line' id='line_1_32' title="bbox 58 1955 1499 2023; baseline 0.003 -31"><span class='ocrx_word' id='word_1_291' title='bbox 58 1957 96 1992; x_wconf 90' lang='lat' dir='ltr'><strong><em>S.</em></strong></span> <span class='ocrx_word' id='word_1_292' title='bbox 115 1955 281 1994; x_wconf 88' lang='lat' dir='ltr'><strong>Paulum</strong></span> <span class='ocrx_word' id='word_1_293' title='bbox 293 1957 515 1994; x_wconf 80' lang='lat' dir='ltr'><strong>Latrensem</strong></span> <span class='ocrx_word' id='word_1_294' title='bbox 533 1957 600 1995; x_wconf 81' lang='lat' dir='ltr'><strong>vel</strong></span> <span class='ocrx_word' id='word_1_295' title='bbox 615 1963 707 2008; x_wconf 87' lang='lat' dir='ltr'><strong>post</strong></span> <span class='ocrx_word' id='word_1_296' title='bbox 720 1964 885 1995; x_wconf 87' lang='lat' dir='ltr'><strong>mortem</strong></span> <span class='ocrx_word' id='word_1_297' title='bbox 897 1958 946 1996; x_wconf 86' lang='lat' dir='ltr'><strong><em>ad</em></strong></span> <span class='ocrx_word' id='word_1_298' title='bbox 962 1971 1098 2023; x_wconf 80' lang='lat' dir='ltr'><strong>opem</strong></span> <span class='ocrx_word' id='word_1_299' title='bbox 1089 1957 1172 1995; x_wconf 85' lang='lat' dir='ltr'><strong>eius</strong></span> <span class='ocrx_word' id='word_1_300' title='bbox 1185 1957 1499 2009; x_wconf 77' lang='lat' dir='ltr'><strong>confugientibus</strong></span> 
     </span>
     <span class='ocr_line' id='line_1_33' title="bbox 59 2010 1534 2067; baseline 0.005 -19"><span class='ocrx_word' id='word_1_301' title='bbox 59 2011 248 2049; x_wconf 84' lang='lat' dir='ltr'><strong>auxilium</strong></span> <span class='ocrx_word' id='word_1_302' title='bbox 275 2011 422 2052; x_wconf 82' lang='lat' dir='ltr'><strong>tulisse.</strong></span> <span class='ocrx_word' id='word_1_303' title='bbox 478 2012 574 2050; x_wconf 88' lang='lat' dir='ltr'><strong>Inde</strong></span> <span class='ocrx_word' id='word_1_304' title='bbox 603 2013 750 2065; x_wconf 88' lang='lat' dir='ltr'><strong>pergit:</strong></span> <span class='ocrx_word' id='word_1_305' title='bbox 768 2010 921 2067; x_wconf 70' lang='grc' dir='ltr'><strong><em>’Ὠσπερ</em></strong></span> <span class='ocrx_word' id='word_1_306' title='bbox 946 2012 990 2053; x_wconf 82' lang='grc' dir='ltr'><strong><em>δὲ</em></strong></span> <span class='ocrx_word' id='word_1_307' title='bbox 1025 2010 1180 2061; x_wconf 76' lang='grc' dir='ltr'><strong><em>τούτοις</em></strong></span> <span class='ocrx_word' id='word_1_308' title='bbox 1204 2013 1339 2063; x_wconf 78' lang='grc' dir='ltr'><strong><em>ἵλεως,</em></strong></span> <span class='ocrx_word' id='word_1_309' title='bbox 1368 2010 1534 2062; x_wconf 73' lang='grc' dir='ltr'><strong><em>οὕτωςΙ)</em></strong></span> 
     </span>
     <span class='ocr_line' id='line_1_34' title="bbox 60 2063 1501 2135; baseline 0.003 -29"><span class='ocrx_word' id='word_1_310' title='bbox 60 2063 136 2107; x_wconf 70' lang='grc' dir='ltr'><strong><em>ἐπ’</em></strong></span> <span class='ocrx_word' id='word_1_311' title='bbox 163 2067 343 2115; x_wconf 74' lang='grc' dir='ltr'><strong><em>ἐναντίας</em></strong></span> <span class='ocrx_word' id='word_1_312' title='bbox 372 2064 556 2109; x_wconf 64' lang='grc' dir='ltr'><strong><em>ἀδικοῦσι</em></strong></span> <span class='ocrx_word' id='word_1_313' title='bbox 586 2069 655 2109; x_wconf 81' lang='grc' dir='ltr'><strong><em>καὶ</em></strong></span> <span class='ocrx_word' id='word_1_314' title='bbox 683 2068 1017 2135; x_wconf 79' lang='grc' dir='ltr'><strong><em>πονηρευομένοις</em></strong></span> <span class='ocrx_word' id='word_1_315' title='bbox 1042 2065 1215 2122; x_wconf 84' lang='grc' dir='ltr'><strong><em>φοβερός</em></strong></span> <span class='ocrx_word' id='word_1_316' title='bbox 1238 2084 1301 2119; x_wconf 83' lang='grc' dir='ltr'><strong><em>τε,</em></strong></span> <span class='ocrx_word' id='word_1_317' title='bbox 1330 2069 1397 2110; x_wconf 82' lang='grc' dir='ltr'><strong><em>και</em></strong></span> <span class='ocrx_word' id='word_1_318' title='bbox 1426 2068 1501 2122; x_wconf 81' lang='grc' dir='ltr'><strong><em>τη“ν</em></strong></span> 
     </span>
     <span class='ocr_line' id='line_1_35' title="bbox 59 2119 1501 2181; baseline 0.003 -19"><span class='ocrx_word' id='word_1_319' title='bbox 59 2123 245 2163; x_wconf 80' lang='grc' dir='ltr'><strong><em>παιδείαν</em></strong></span> <span class='ocrx_word' id='word_1_320' title='bbox 261 2119 537 2181; x_wconf 66' lang='grc' dir='ltr'><strong><em>ἀπαραίτητος.</em></strong></span> <span class='ocrx_word' id='word_1_321' title='bbox 572 2121 810 2177; x_wconf 76' lang='grc' dir='ltr'><strong><em>Μαρτιὶριον</em></strong></span> <span class='ocrx_word' id='word_1_322' title='bbox 828 2128 902 2165; x_wconf 87' lang='grc' dir='ltr'><strong><em>τοῦ</em></strong></span> <span class='ocrx_word' id='word_1_323' title='bbox 920 2125 1130 2178; x_wconf 78' lang='grc' dir='ltr'><strong><em>εἰρημένου</em></strong></span> <span class='ocrx_word' id='word_1_324' title='bbox 1150 2123 1275 2176; x_wconf 81' lang='grc' dir='ltr'><strong><em>σαφὲς</em></strong></span> <span class='ocrx_word' id='word_1_325' title='bbox 1296 2124 1321 2166; x_wconf 84' lang='lat' dir='ltr'><strong><em>o‘</em></strong></span> <span class='ocrx_word' id='word_1_326' title='bbox 1337 2128 1413 2166; x_wconf 80' lang='grc' dir='ltr'><strong><em>τοῦ</em></strong></span> <span class='ocrx_word' id='word_1_327' title='bbox 1430 2140 1501 2178; x_wconf 86' lang='grc' dir='ltr'><strong><em>μο-</em></strong></span> 
     </span>
     <span class='ocr_line' id='line_1_36' title="bbox 61 2175 1501 2251; baseline 0.003 -34"><span class='ocrx_word' id='word_1_328' title='bbox 61 2193 184 2229; x_wconf 82' lang='grc' dir='ltr'><strong><em>ναχου</em></strong></span> <span class='ocrx_word' id='word_1_329' title='bbox 202 2175 407 2248; x_wconf 78' lang='grc' dir='ltr'><strong><em>Ἰγνατίου,</em></strong></span> <span class='ocrx_word' id='word_1_330' title='bbox 437 2181 468 2235; x_wconf 72' lang='grc' dir='ltr'><em>ᾧ</em></span> <span class='ocrx_word' id='word_1_331' title='bbox 474 2182 701 2251; x_wconf 81' lang='grc' dir='ltr'><strong><em>Χαρζανᾶς</em></strong></span> <span class='ocrx_word' id='word_1_332' title='bbox 721 2198 748 2233; x_wconf 90' lang='grc' dir='ltr'><strong><em>η</em></strong></span> <span class='ocrx_word' id='word_1_333' title='bbox 772 2181 996 2233; x_wconf 78' lang='grc' dir='ltr'><strong><em>ἐπωνυμία,</em></strong></span> <span class='ocrx_word' id='word_1_334' title='bbox 1026 2179 1194 2233; x_wconf 76' lang='grc' dir='ltr'><strong><em>χαλεπος</em></strong></span> <span class='ocrx_word' id='word_1_335' title='bbox 1217 2180 1284 2221; x_wconf 71' lang='lat' dir='ltr'><strong><em>zm</em></strong></span> <span class='ocrx_word' id='word_1_336' title='bbox 1308 2181 1501 2230; x_wconf 86' lang='grc' dir='ltr'><strong><em>οἴκτιστος</em></strong></span> 
     </span>
     <span class='ocr_line' id='line_1_37' title="bbox 61 2229 1502 2304; baseline 0.004 -32"><span class='ocrx_word' id='word_1_337' title='bbox 61 2231 251 2281; x_wconf 76' lang='grc' dir='ltr'><strong><em>θάνατος.</em></strong></span> <span class='ocrx_word' id='word_1_338' title='bbox 294 2229 420 2282; x_wconf 79' lang='grc' dir='ltr'><strong><em>Οὗτος</em></strong></span> <span class='ocrx_word' id='word_1_339' title='bbox 436 2251 534 2288; x_wconf 79' lang='grc' dir='ltr'><strong><em>γαρ,</em></strong></span> <span class='ocrx_word' id='word_1_340' title='bbox 563 2233 620 2284; x_wconf 81' lang='grc' dir='ltr'><strong><em>εἷς</em></strong></span> <span class='ocrx_word' id='word_1_341' title='bbox 639 2239 720 2276; x_wconf 72' lang='grc' dir='ltr'><strong><em>τῶν</em></strong></span> <span class='ocrx_word' id='word_1_342' title='bbox 738 2240 922 2289; x_wconf 79' lang='grc' dir='ltr'><strong><em>μοναχαῖν</em></strong></span> <span class='ocrx_word' id='word_1_343' title='bbox 943 2253 1021 2287; x_wconf 88' lang='grc' dir='ltr'><strong><em>ων,</em></strong></span> <span class='ocrx_word' id='word_1_344' title='bbox 1052 2253 1148 2304; x_wconf 84' lang='grc' dir='ltr'><strong><em>μετα</em></strong></span> <span class='ocrx_word' id='word_1_345' title='bbox 1162 2234 1239 2289; x_wconf 79' lang='grc' dir='ltr'><strong><em>τήν</em></strong></span> <span class='ocrx_word' id='word_1_346' title='bbox 1261 2239 1335 2277; x_wconf 80' lang='grc' dir='ltr'><strong><em>τοῦ</em></strong></span> <span class='ocrx_word' id='word_1_347' title='bbox 1353 2235 1502 2289; x_wconf 75' lang='grc' dir='ltr'><strong><em>πατρός</em></strong></span> 
     </span>
     <span class='ocr_line' id='line_1_38' title="bbox 63 2286 1501 2363; baseline 0.004 -36"><span class='ocrx_word' id='word_1_348' title='bbox 63 2288 254 2340; x_wconf 82' lang='grc' dir='ltr'><strong><em>ἐκδημίαν</em></strong></span> <span class='ocrx_word' id='word_1_349' title='bbox 277 2286 450 2338; x_wconf 55' lang='lat' dir='ltr'><strong><em>&amp;nostele</em></strong></span> <span class='ocrx_word' id='word_1_350' title='bbox 472 2295 544 2343; x_wconf 86' lang='grc' dir='ltr'><strong><em>τῆς</em></strong></span> <span class='ocrx_word' id='word_1_351' title='bbox 567 2289 755 2345; x_wconf 75' lang='grc' dir='ltr'><strong><em>Λαύρας,</em></strong></span> <span class='ocrx_word' id='word_1_352' title='bbox 782 2308 882 2332; x_wconf 81' lang='grc' dir='ltr'><strong><em>κατα</em></strong></span> <span class='ocrx_word' id='word_1_353' title='bbox 911 2296 985 2346; x_wconf 80' lang='grc' dir='ltr'><strong><em>τῆς</em></strong></span> <span class='ocrx_word' id='word_1_354' title='bbox 993 2289 1169 2363; x_wconf 76' lang='grc' dir='ltr'><strong><em>Λαύρας</em></strong></span> <span class='ocrx_word' id='word_1_355' title='bbox 1195 2292 1413 2333; x_wconf 85' lang='grc' dir='ltr'><strong><em>ωπλίσατο·</em></strong></span> <span class='ocrx_word' id='word_1_356' title='bbox 1444 2308 1501 2339; x_wconf 85' lang='grc' dir='ltr'><strong><em>ως</em></strong></span> 
     </span>
     <span class='ocr_line' id='line_1_39' title="bbox 64 2342 1498 2406; baseline 0.002 -23"><span class='ocrx_word' id='word_1_357' title='bbox 64 2342 136 2397; x_wconf 79' lang='grc' dir='ltr'><strong><em>μὲν</em></strong></span> <span class='ocrx_word' id='word_1_358' title='bbox 156 2345 291 2399; x_wconf 78' lang='grc' dir='ltr'><strong><em>ἐκείνῳ</em></strong></span> <span class='ocrx_word' id='word_1_359' title='bbox 310 2347 468 2396; x_wconf 78' lang='grc' dir='ltr'><strong><em>δοκοῦν,</em></strong></span> <span class='ocrx_word' id='word_1_360' title='bbox 497 2347 561 2388; x_wconf 80' lang='grc' dir='ltr'><strong><em>ἐπὶ</em></strong></span> <span class='ocrx_word' id='word_1_361' title='bbox 576 2361 776 2402; x_wconf 86' lang='grc' dir='ltr'><strong><em>προφασει</em></strong></span> <span class='ocrx_word' id='word_1_362' title='bbox 791 2350 944 2404; x_wconf 77' lang='grc' dir='ltr'><strong><em>δικαίᾳ·</em></strong></span> <span class='ocrx_word' id='word_1_363' title='bbox 972 2364 1027 2396; x_wconf 89' lang='grc' dir='ltr'><strong><em>ως</em></strong></span> <span class='ocrx_word' id='word_1_364' title='bbox 1045 2348 1089 2390; x_wconf 78' lang='grc' dir='ltr'><strong><em>δὲ</em></strong></span> <span class='ocrx_word' id='word_1_365' title='bbox 1107 2352 1161 2406; x_wconf 77' lang='grc' dir='ltr'><strong><em>τῇ</em></strong></span> <span class='ocrx_word' id='word_1_366' title='bbox 1179 2345 1350 2403; x_wconf 81' lang='grc' dir='ltr'><strong><em>ἆληθεία</em></strong></span> <span class='ocrx_word' id='word_1_367' title='bbox 1365 2344 1498 2397; x_wconf 74' lang='grc' dir='ltr'><strong><em>πάλιν,</em></strong></span> 
     </span>
     <span class='ocr_line' id='line_1_40' title="bbox 62 2386 1501 2475; baseline 0.008 -36"><span class='ocrx_word' id='word_1_368' title='bbox 62 2386 278 2451; x_wconf 75' lang='grc' dir='ltr'><strong><em>κακοήθως</em></strong></span> <span class='ocrx_word' id='word_1_369' title='bbox 297 2397 415 2450; x_wconf 83' lang='grc' dir='ltr'><strong><em>ολως,</em></strong></span> <span class='ocrx_word' id='word_1_370' title='bbox 446 2402 514 2443; x_wconf 77' lang='grc' dir='ltr'><strong><em>καὶ</em></strong></span> <span class='ocrx_word' id='word_1_371' title='bbox 534 2405 741 2472; x_wconf 80' lang='grc' dir='ltr'><strong><em>φιλαρχίας</em></strong></span> <span class='ocrx_word' id='word_1_372' title='bbox 746 2408 926 2474; x_wconf 77' lang='grc' dir='ltr'><strong><em>μανικῷ</em></strong></span> <span class='ocrx_word' id='word_1_373' title='bbox 932 2404 1054 2475; x_wconf 80' lang='grc' dir='ltr'><strong><em>ἔρωτι.</em></strong></span> <span class='ocrx_word' id='word_1_374' title='bbox 1090 2405 1135 2446; x_wconf 89' lang='grc' dir='ltr'><em>Ὁ</em></span> <span class='ocrx_word' id='word_1_375' title='bbox 1159 2407 1259 2459; x_wconf 80' lang='grc' dir='ltr'><strong><em>γοῦν</em></strong></span> <span class='ocrx_word' id='word_1_376' title='bbox 1284 2407 1356 2471; x_wconf 73' lang='grc' dir='ltr'><strong><em>τῇς</em></strong></span> <span class='ocrx_word' id='word_1_377' title='bbox 1381 2399 1501 2442; x_wconf 62' lang='grc' dir='ltr'><strong><em>Λᾶν*</em></strong></span> 
     </span>
     <span class='ocr_line' id='line_1_41' title="bbox 64 2451 1500 2529; baseline 0.003 -35"><span class='ocrx_word' id='word_1_378' title='bbox 64 2471 137 2508; x_wconf 88' lang='grc' dir='ltr'><strong><em>ρας</em></strong></span> <span class='ocrx_word' id='word_1_379' title='bbox 159 2452 243 2495; x_wconf 84' lang='grc' dir='ltr'><strong><em>τότε</em></strong></span> <span class='ocrx_word' id='word_1_380' title='bbox 261 2451 526 2522; x_wconf 70' lang='grc' dir='ltr'><strong><em>προεστηκοὶς,</em></strong></span> <span class='ocrx_word' id='word_1_381' title='bbox 555 2456 831 2514; x_wconf 67' lang='grc' dir='ltr'><strong><em>ἀπαγορεύσας</em></strong></span> <span class='ocrx_word' id='word_1_382' title='bbox 848 2458 950 2529; x_wconf 82' lang='grc' dir='ltr'><strong><em>πρός</em></strong></span> <span class='ocrx_word' id='word_1_383' title='bbox 970 2477 1019 2502; x_wconf 90' lang='grc' dir='ltr'><strong><em>τα</em></strong></span> <span class='ocrx_word' id='word_1_384' title='bbox 1037 2461 1191 2502; x_wconf 78' lang='grc' dir='ltr'><strong><em>ἐκείνου</em></strong></span> <span class='ocrx_word' id='word_1_385' title='bbox 1215 2475 1317 2499; x_wconf 81' lang='grc' dir='ltr'><strong><em>κακα</em></strong></span> <span class='ocrx_word' id='word_1_386' title='bbox 1339 2457 1408 2497; x_wconf 80' lang='grc' dir='ltr'><strong><em>καὶ</em></strong></span> <span class='ocrx_word' id='word_1_387' title='bbox 1424 2455 1500 2509; x_wconf 79' lang='grc' dir='ltr'><strong><em>τὴν</em></strong></span> 
     </span>
     <span class='ocr_line' id='line_1_42' title="bbox 63 2509 1500 2573; baseline 0.001 -23"><span class='ocrx_word' id='word_1_388' title='bbox 63 2509 382 2563; x_wconf 83' lang='grc' dir='ltr'><strong><em>βασκανίαν,τοὶ</em></strong></span> <span class='ocrx_word' id='word_1_389' title='bbox 404 2528 446 2553; x_wconf 85' lang='grc' dir='ltr'><strong><em>τε</em></strong></span> <span class='ocrx_word' id='word_1_390' title='bbox 472 2512 571 2554; x_wconf 90' lang='grc' dir='ltr'><strong><em>αλλα</em></strong></span> <span class='ocrx_word' id='word_1_391' title='bbox 598 2516 724 2556; x_wconf 73' lang='grc' dir='ltr'><strong><em>ἐποίει</em></strong></span> <span class='ocrx_word' id='word_1_392' title='bbox 747 2519 826 2556; x_wconf 78' lang='grc' dir='ltr'><strong><em>τῶν</em></strong></span> <span class='ocrx_word' id='word_1_393' title='bbox 848 2513 994 2573; x_wconf 66' lang='grc' dir='ltr'><strong><em>ἀπορία</em></strong></span> <span class='ocrx_word' id='word_1_394' title='bbox 1017 2517 1086 2557; x_wconf 78' lang='grc' dir='ltr'><strong><em>καὶ</em></strong></span> <span class='ocrx_word' id='word_1_395' title='bbox 1103 2513 1211 2571; x_wconf 73' lang='grc' dir='ltr'><strong><em>λύπῃ</em></strong></span> <span class='ocrx_word' id='word_1_396' title='bbox 1228 2513 1500 2565; x_wconf 78' lang='grc' dir='ltr'><strong><em>κατειργασμέ-</em></strong></span> 
     </span>
     <span class='ocr_line' id='line_1_43' title="bbox 63 2565 1500 2642; baseline 0.002 -36"><span class='ocrx_word' id='word_1_397' title='bbox 63 2570 167 2632; x_wconf 65' lang='lat'><strong><em>&#39;&#39;⁶⁷5&#39;’</em></strong></span> <span class='ocrx_word' id='word_1_398' title='bbox 196 2566 263 2607; x_wconf 80' lang='grc' dir='ltr'><strong><em>καὶ</em></strong></span> <span class='ocrx_word' id='word_1_399' title='bbox 290 2565 340 2619; x_wconf 75' lang='grc' dir='ltr'><strong><em>δή</em></strong></span> <span class='ocrx_word' id='word_1_400' title='bbox 371 2567 438 2608; x_wconf 81' lang='grc' dir='ltr'><strong><em>καὶ</em></strong></span> <span class='ocrx_word' id='word_1_401' title='bbox 464 2584 562 2622; x_wconf 87' lang='grc' dir='ltr'><strong><em>προς</em></strong></span> <span class='ocrx_word' id='word_1_402' title='bbox 582 2586 655 2612; x_wconf 91' lang='grc' dir='ltr'><strong><em>τον</em></strong></span> <span class='ocrx_word' id='word_1_403' title='bbox 679 2575 751 2624; x_wconf 83' lang='grc' dir='ltr'><strong><em>τῆς</em></strong></span> <span class='ocrx_word' id='word_1_404' title='bbox 773 2574 991 2642; x_wconf 84' lang='grc' dir='ltr'><strong><em>βασιλείας</em></strong></span> <span class='ocrx_word' id='word_1_405' title='bbox 1001 2569 1050 2613; x_wconf 82' lang='grc' dir='ltr'><strong><em>ου’</em></strong></span> <span class='ocrx_word' id='word_1_406' title='bbox 1074 2576 1232 2617; x_wconf 82' lang='grc' dir='ltr'><strong><em>πολλοῖς</em></strong></span> <span class='ocrx_word' id='word_1_407' title='bbox 1259 2566 1353 2620; x_wconf 74' lang='grc' dir='ltr'><strong><em>μετᾶ</em></strong></span> <span class='ocrx_word' id='word_1_408' title='bbox 1375 2571 1500 2609; x_wconf 78' lang='grc' dir='ltr'><strong><em>ταῦτα</em></strong></span> 
     </span>
     <span class='ocr_line' id='line_1_44' title="bbox 63 2618 1501 2697; baseline 0 -35"><span class='ocrx_word' id='word_1_409' title='bbox 63 2618 222 2689; x_wconf 73' lang='grc' dir='ltr'><strong><em>χρόνοις</em></strong></span> <span class='ocrx_word' id='word_1_410' title='bbox 239 2620 519 2676; x_wconf 77' lang='grc' dir='ltr'><strong><em>ἐπιλαβόμενον</em></strong></span> <span class='ocrx_word' id='word_1_411' title='bbox 545 2625 796 2680; x_wconf 85' lang='grc' dir='ltr'><strong><em>Νικηφόρον,</em></strong></span> <span class='ocrx_word' id='word_1_412' title='bbox 825 2644 925 2669; x_wconf 77' lang='grc' dir='ltr'><strong><em>κατα</em></strong></span> <span class='ocrx_word' id='word_1_413' title='bbox 940 2631 1012 2680; x_wconf 82' lang='grc' dir='ltr'><strong><em>τῆς</em></strong></span> <span class='ocrx_word' id='word_1_414' title='bbox 1037 2624 1197 2697; x_wconf 82' lang='grc' dir='ltr'><strong><em>Κρήτης</em></strong></span> <span class='ocrx_word' id='word_1_415' title='bbox 1224 2622 1305 2676; x_wconf 81' lang='grc' dir='ltr'><strong><em>ἤδη</em></strong></span> <span class='ocrx_word' id='word_1_416' title='bbox 1326 2620 1501 2674; x_wconf 75' lang='grc' dir='ltr'><strong><em>ἐπιόντα,</em></strong></span> 
     </span>
     <span class='ocr_line' id='line_1_45' title="bbox 66 2674 1500 2737; baseline -0.006 -8"><span class='ocrx_word' id='word_1_417' title='bbox 66 2674 209 2732; x_wconf 65' lang='grc' dir='ltr'><strong><em>ἆπῇἒί</em></strong></span> <span class='ocrx_word' id='word_1_418' title='bbox 237 2678 451 2732; x_wconf 75' lang='grc' dir='ltr'><strong><em>ἕντυχεῖν’</em></strong></span> <span class='ocrx_word' id='word_1_419' title='bbox 432 2681 567 2737; x_wconf 73' lang='grc' dir='ltr'><strong><em>εκείνςο</em></strong></span> <span class='ocrx_word' id='word_1_420' title='bbox 583 2681 849 2737; x_wconf 81' lang='grc' dir='ltr'><strong><em>βουλόμενος,</em></strong></span> <span class='ocrx_word' id='word_1_421' title='bbox 875 2682 974 2726; x_wconf 79' lang='grc' dir='ltr'><strong><em>κατα</em></strong></span> <span class='ocrx_word' id='word_1_422' title='bbox 994 2685 1036 2732; x_wconf 89' lang='lat' dir='ltr'><strong>[l.</strong></span> <span class='ocrx_word' id='word_1_423' title='bbox 1053 2699 1122 2724; x_wconf 84' lang='grc' dir='ltr'><strong><em>και</em></strong></span> <span class='ocrx_word' id='word_1_424' title='bbox 1134 2681 1207 2734; x_wconf 73' lang='grc' dir='ltr'><strong><em>τοὶ]</em></strong></span> <span class='ocrx_word' id='word_1_425' title='bbox 1223 2682 1297 2721; x_wconf 77' lang='grc' dir='ltr'><strong><em>τοῦ</em></strong></span> <span class='ocrx_word' id='word_1_426' title='bbox 1314 2675 1500 2733; x_wconf 80' lang='grc' dir='ltr'><strong><em>Ἰγνατίον</em></strong></span> 
     </span>
    </p>
   </div>
   <div class='ocr_carea' id='block_1_3' title="bbox 110 2794 892 2841">
    <p class='ocr_par' dir='ltr' id='par_1_6' title="bbox 110 2794 892 2841">
     <span class='ocr_line' id='line_1_46' title="bbox 110 2794 892 2841; baseline 0.005 -9"><span class='ocrx_word' id='word_1_427' title='bbox 110 2794 149 2841; x_wconf 82' lang='grc'><strong><em>*)</em></strong></span> <span class='ocrx_word' id='word_1_428' title='bbox 176 2797 232 2832; x_wconf 77' lang='lat' dir='ltr'><strong><em>Ex</em></strong></span> <span class='ocrx_word' id='word_1_429' title='bbox 252 2799 327 2835; x_wconf 80' lang='lat' dir='ltr'><strong>eod.</strong></span> <span class='ocrx_word' id='word_1_430' title='bbox 350 2798 488 2838; x_wconf 76' lang='lat' dir='ltr'><strong>coislin.</strong></span> <span class='ocrx_word' id='word_1_431' title='bbox 510 2799 684 2839; x_wconf 71' lang='lat' dir='ltr'><strong>148.-1·&#39;ol.</strong></span> <span class='ocrx_word' id='word_1_432' title='bbox 706 2803 763 2840; x_wconf 88' lang='lat'><strong><em>81.</em></strong></span> <span class='ocrx_word' id='word_1_433' title='bbox 784 2813 892 2839; x_wconf 76' lang='lat' dir='ltr'><strong>verso.</strong></span> 
     </span>
    </p>
   </div>
  </div>
 </body>
</html>
