1748 3094
360 192 422 236 m
449 189 656 236 LEONIS
681 190 922 235 DIACONI
946 191 1051 234 LIB-
1078 192 1154 237 vl.
1386 182 1489 234 459

50 299 103 338 bo
129 294 279 336 maiore?
301 295 476 336 affectos.
526 295 649 349 Apud
674 296 716 336 8.
740 295 925 335 loannem
952 295 1168 362 Climacmn
1188 309 1344 348 quoque
1363 295 1523 340 Scalan

49 352 189 394 l’md.
215 356 311 396 126.
328 354 374 393 B.
391 353 534 403 verba,
561 355 614 408 τῇ
639 352 728 407 ἱερᾷ
744 356 980 404 περιπεσεῖν
998 348 1122 408 νόσω,
1149 353 1200 391 ob
1221 365 1266 391 ea
1294 366 1393 404 quae
1422 366 1488 392 se-

51 414 232 461 quuntur
244 407 352 448 haud
367 410 499 473 paulo·
505 409 644 447 malim
664 408 713 446 de
728 408 839 460 lepra
859 421 977 459 quam
1000 421 1091 447 cum
1107 407 1306 447 matthaeo
1332 409 1487 448 Radero

52 465 104 506 de
119 465 258 504 morbo
273 465 463 504 comitiali
485 465 748 517 interpretari.
776 465 921 503 Confer
937 470 1136 533 praeterea
1146 466 1314 504 Leonem
1336 468 1430 507 110.
1443 466 1489 504 B.

160 522 491 573 Pag.1oo.lin.
520 524 587 564 13.
600 518 706 571 Ἤδη
728 518 771 560 δὲ
801 523 874 573 τῆς
897 519 998 571 πρός
1014 517 1199 584 Ὀρόντῃ]
1226 521 1335 559 Haec
1360 527 1400 559 et
1424 534 1488 559 se-

21 608 26 611 .
52 577 212 630 quentia
230 590 281 615 ex
298 578 428 616 Leone
442 576 644 616 transtulit
669 576 870 628 Scylitza
857 590 900 614 ιιι
913 576 1141 615 Chronicon
1164 590 1251 628 m,
1277 576 1388 616 unde
1414 590 1489 616 ex-

0 671 2 690 †
51 633 214 686 scripsit
231 633 378 686 partim
395 627 559 674 cedren.
578 632 625 670 ΙΙ.
643 635 738 674 665
765 633 810 671 B.

0 695 1 710 ³
145 691 266 757 Pag.
297 693 391 733 101.
418 690 491 728 lin.
519 691 559 732 8.
586 703 661 739 την
681 686 754 740 μὲν
768 684 957 740 θύραθεν
973 687 1159 729 παιδείαν
1181 684 1233 730 mi
1253 683 1362 729 naim
1377 684 1491 742 ἠκρι-

51 741 219 798 βιιιιότα]
251 745 533 784 Diua-debant
556 743 671 782 multi
694 744 738 782 in
763 744 949 793 Graecia,
976 751 1062 783 tum
1089 744 1197 783 omni
1222 744 1352 783 medio
1376 758 1490 794 aevo,

50 808 138 840 tum
161 801 334 840 maxime
355 800 435 840 hoc
452 800 631 848 saeculo,
656 801 840 851 profanas
858 801 1033 839 litteras.
1061 801 1169 851 quod
1188 801 1258 852 qui
1273 801 1322 838 iis
1340 814 1364 838 a
1377 807 1492 839 tene-

49 871 98 897 ro
124 856 268 896 imbuti
296 864 445 907 essent,
473 857 525 895 ad
549 856 755 895 veritatem
784 856 878 894 fidei
906 856 1100 894 caeciores
1123 862 1375 908 putarentur.
1429 857 1492 895 Ita

50 914 91 953 S.
109 912 375 966 Nicephorius,
404 913 453 952 de
483 926 563 965 quo
591 925 713 963 supra
730 913 827 956 225.
852 912 896 950 C.
921 912 965 950 in
985 912 1075 950 Vita
1105 926 1175 951 ms.
1204 913 1392 962 magistro
1420 916 1495 954 τοῦ

51 972 276 1039 ,Μιωσελλοῦ
305 982 403 1021 puer
431 969 476 1007 in
498 968 773 1036 disciplinam
773 968 944 1007 traditus
971 968 1144 1018 dicitur,
1175 967 1251 1021 τήν
1270 966 1382 1020 ἱερὰν
1401 984 1497 1039 γρα-

51 1040 141 1092 φην
158 1022 283 1078 μόνην
301 1021 693 1077 παιδευθησόμενος,
722 1039 797 1065 ουκ
823 1021 1072 1077 ἀνεχομένων
1095 1027 1177 1065 τῶν
1201 1027 1431 1078 προστατῶν
1447 1040 1493 1065 το

50 1076 221 1147 γνήσιον
236 1080 307 1121 καὶ
320 1078 486 1151 γόνιμον
510 1083 582 1132 τῆς
606 1083 741 1132 ψυχῆς
763 1083 837 1121 τοῦ
856 1079 995 1128 παιδὸς
1014 1077 1222 1148 3²261w'0013
1247 1081 1495 1133 ἐμβομβῆσαι

52 1133 310 1190 μαθήμασιν·
335 1133 396 1178 ’ὅτι
423 1153 477 1189 μη
491 1134 691 1186 δυνατον,
720 1133 814 1184 τούς
833 1152 987 1184 τυπσυς
1010 1139 1085 1188 τῆς
1105 1138 1371 1189 τερατολογίας
1397 1152 1497 1189 προ·

51 1192 312 1242 τνποθέντας
328 1188 543 1243 ἆναλεῖψαι
561 1193 722 1247 όᾳδίως,
752 1192 788 1232 εἰ
809 1191 852 1243 [s.
872 1189 917 1243 ἦ]
936 1191 1004 1232 καὶ
1018 1208 1093 1244 την
1108 1194 1254 1244 πρᾶξιν
1274 1194 1494 1246 διαφυγεῖν.

164 1248 268 1288 lbid.
293 1249 365 1289 lin.
396 1253 461 1292 10.
487 1248 531 1288 Ὁ
548 1234 602 1288 δὲ
615 1243 882 1299 Πολύευκτος]
911 1246 1020 1286 Haec
1043 1262 1169 1300 usque
1194 1249 1245 1287 ad
1267 1248 1389 1287 finem
1414 1248 1497 1288 hu·

51 1304 116 1344 im
139 1305 281 1400 mlxiii?
299 1303 925 1412 ῧωξῖὼζιῗοῖεείιρῗὲιν]ὡέιιιὲεζ
949 1306 1225 1411 Ξὲοχείρησιν·
1251 1361 1406 1400 mutavi
1432 1374 1496 1400 se-
1519 1367 1562 1402 P.
1583 1368 1651 1405 228

37 1415 226 1455 mudum
249 1416 524 1468 etymologiam
552 1430 575 1453 a
599 1429 669 1454 vei
671 1416 720 1453 bo
739 1416 1043 1467 προχειρίζομαι.
1097 1415 1218 1454 Vocis
1245 1417 1498 1469 προχείρισις,

7 1525 9 1527 v
53 1471 217 1511 adhuc
203 1486 250 1510 m
265 1472 421 1510 Lexicis
437 1472 620 1519 omissae,
649 1471 888 1523 significatus
911 1477 1005 1509 sunt
1026 1471 1124 1509 duo:
1154 1472 1255 1510 alter
1279 1473 1386 1525 apud
1402 1472 1500 1524 phi-

52 1527 254 1581 losophos,
271 1527 400 1567 alter
386 1541 430 1565 ιιι
446 1527 655 1592 scriptor-r.
675 1527 963 1567 ecclesiasticis.
987 1527 1107 1579 Apud
1127 1528 1214 1566 illos
1234 1535 1349 1567 sonat
1367 1536 1499 1579 actus,

54 1586 244 1636 operatio,
274 1597 351 1636 qua
373 1584 540 1634 cogitata
559 1590 926 1635 repraesentantur,
954 1584 1303 1635 perducunturque
1325 1585 1376 1623 ad
1402 1584 1501 1623 effe-

53 1646 178 1680 ctum.
233 1639 487 1708 Porphyrius
500 1641 675 1677 Sentent.
693 1640 744 1678 ad
759 1639 963 1706 intelligib.
982 1640 1139 1679 ducent.
1161 1642 1257 1683 225.
1273 1640 1320 1679 A.
1342 1641 1391 1679 de
1409 1642 1501 1679 ani-

53 1709 141 1745 ma,
170 1696 322 1749 ἐνεργεῖ
334 1694 379 1736 δὲ
397 1691 487 1735 κατ’
504 1691 671 1744 αὐτους,
698 1692 728 1747 ἦ
747 1690 824 1735 ὕπ’
843 1693 966 1735 ἄλλον
986 1697 1044 1744 εἰς
1056 1698 1313 1749 προχείρησιν
1333 1695 1383 1747 [Ι.
1405 1713 1503 1750 προ-

54 1750 240 1804 χείρισιν]
269 1750 556 1803 ἐκκαλουμένη,
583 1752 649 1789 sel
665 1752 716 1788 ab
736 1751 819 1788 alio
836 1750 895 1788 ad
913 1765 1014 1802 opus
1030 1754 1218 1790 excitata.
1253 1753 1307 1790 Ut
1323 1753 1414 1791 ideo
1435 1767 1503 1792 er-

54 1807 203 1846 raverit
220 1808 425 1855 Kusterus‚
453 1806 551 1844 haec
573 1806 714 1844 Suidae
728 1807 761 1846 Ι.
790 1809 885 1848 830.
904 1807 950 1844 Δ.
968 1824 995 1859 η
1018 1803 1122 1847 καθ’
1140 1805 1271 1856 ego-'⁸
1242 1825 1269 1858 η
1288 1806 1388 1848 κιττοὶ
1404 1825 1503 1862 προ-

55 1864 241 1916 χείρισιν,
271 1863 331 1901 sie
350 1868 527 1901 vertens·
556 1861 771 1899 secundum
796 1862 983 1900 habitum
1006 1871 1044 1900 et
1070 1863 1291 1901 secundum
1310 1867 1503 1916 proposi-

57 1926 158 1958 tum.
201 1920 301 1957 Nam
318 1932 409 1957 cum
425 1918 662 1971 προχείρισις
680 1924 906 1970 opponatur
922 1921 975 1974 τῇ
995 1918 1083 1967 ἕξει,
1113 1919 1349 1972 denotetque
1367 1927 1503 1959 actum

56 1975 187 2026 ipsum
217 1975 302 2013 sive
331 1974 726 2027 repraesentationem
751 1960 970 2023 facultatis,
996 1975 1255 2025 vertendum,
1281 1976 1502 2015 secundum

56 2031 254 2079 habitum,
282 2031 348 2068 vel
362 2029 580 2068 secundum
597 2037 748 2078 actum,
778 2030 863 2068 sive
881 2033 1152 2069 executionem.
1189 2032 1308 2096 Apud
1326 2034 1502 2085 scripto-

56 2099 122 2125 res
162 2086 445 2125 ecclesiasticos
481 2085 674 2136 significat
709 2088 1023 2137 propositionem
1067 2088 1244 2139 episcopi
1280 2089 1501 2130 ordinandi.

59 2141 303 2212 Theophilus
324 2141 559 2180 Antiochen.
589 2142 644 2179 De
662 2142 743 2179 Deo
763 2148 804 2180 et
830 2141 1143 2182 Christianorum
1163 2144 1244 2182 fide
1268 2135 1362 2188 147.
1383 2146 1428 2184 D.
1457 2145 1503 2186 ἐν

58 2200 111 2251 τῇ
135 2214 219 2238 των
243 2195 529 2251 ἴεραρχουντων
550 2198 788 2250 προχειρίσει
811 2213 854 2238 τε
881 2198 951 2239 καὶ
971 2199 1127 2263 ἐκλογῇ.
1175 2202 1502 2264 Πρρχειρίζεσθαι

61 2253 165 2291 enim
183 2254 290 2306 apud
308 2254 519 2306 scriptores
537 2254 692 2305 quidem
706 2255 908 2305 profanos,
931 2261 977 2293 ut
992 2255 1068 2293 alia
1088 2256 1226 2305 multa,
1246 2257 1303 2295 ita
1323 2263 1362 2295 et
1380 2259 1504 2308 elige-

62 2323 105 2346 re
130 2309 341 2359 generatim
371 2310 555 2349 denotat.
582 2310 675 2348 vide
707 2311 885 2362 exempla
912 2310 957 2348 in
982 2311 1128 2350 Lexico
1161 2313 1300 2377 Polyb.
1329 2313 1431 2352 V111.
1458 2326 1506 2350 11.

63 2364 158 2407 544.
186 2378 209 2402 a
226 2364 591 2416 Schweighaeusero
612 2366 699 2404 viro
720 2367 828 2404 omni
842 2366 1131 2406 existimatione
1149 2369 1398 2407 ornatissimo
1418 2368 1500 2405 col·
1509 2371 1539 2405 B

61 2421 186 2458 lecta:
214 2420 310 2458 item
325 2422 432 2472 apud
449 2421 678 2473 Alciphron.
698 2422 730 2459 L
749 2422 816 2464 41.
842 2423 887 2461 Β.
914 2423 962 2461 In
980 2424 1243 2475 scriptoribus
1267 2423 1506 2462 ecclesiasti-

64 2477 121 2513 cis
139 2476 301 2528 proprie
320 2490 402 2514 esse
412 2491 631 2528 proponere
650 2492 791 2515 nomen
816 2479 984 2518 alicuius
1001 2480 1231 2528 ordinandi,
1259 2486 1307 2517 ut
1323 2479 1507 2530 inquira-

62 2538 132 2570 tur
152 2546 203 2570 an
228 2532 369 2582 dignus
387 2533 439 2570 sit
454 2546 638 2582 munere,
666 2540 772 2572 recte
793 2534 1017 2574 observavit
1034 2536 1155 2574 Henr.
1175 2534 1350 2574 Valesius
1372 2535 1506 2571 Anno-

62 2593 153 2625 tatt.
174 2588 219 2626 in
232 2588 371 2627 Euseb.
399 2588 456 2625 De
471 2588 560 2627 Vita
580 2590 779 2628 Constant.
794 2591 892 2634 214.
907 2591 955 2630 A.
974 2598 1014 2630 et
1037 2592 1080 2629 in
1097 2593 1297 2629 Socratem
1314 2589 1506 2627 scholast.

65 2647 106 2684 7.
128 2643 175 2681 A.
200 2643 243 2681 id
263 2643 371 2695 quod
390 2642 632 2696 ὑποβάλλειν
651 2642 822 2697 ὀνόματα
841 2646 941 2685 dicit
957 2649 1137 2686 Socrates
1156 2649 1223 2688 28.
1248 2646 1292 2686 D.
1319 2645 1409 2683 Non
1434 2645 1508 2683 de-

69 2704 161 2736 sunt
170 2705 302 2737 tamen
323 2700 413 2737 loca
435 2700 543 2751 apud
559 2700 770 2752 scriptores
792 2716 949 2754 quoque
966 2701 1260 2748 ecclesiasticos,
1281 2700 1350 2738 ubi
1370 2700 1509 2739 latiore

68 2765 186 2792 sensu
206 2755 481 2808 exponendum
506 2761 565 2794 est
584 2757 738 2808 eligere.
782 2757 989 2796 Euthalius
1010 2758 1206 2794 Diaconus
1222 2756 1264 2793 in
1281 2756 1510 2807 peregrina—

70 2807 199 2850 tionn.
229 2812 269 2851 S.
290 2811 399 2850 Pauli
419 2810 513 2855 240.
532 2811 578 2851 A.
599 2814 639 2851 S.
657 2813 836 2852 Clemens
862 2815 1061 2852 Romanus
1082 2812 1309 2853 Constituit.
1330 2812 1508 2865 Apostol.
