1722 3042
1706 157 1722 194 ης
1700 0 1722 143 steri-emta

190 146 306 176 ‘xxm
731 140 778 183 C.
806 140 854 182 B.
883 137 1034 183 HASII

203 245 319 298 μίων.
374 244 470 285 LIII.
501 242 602 296 Περὶ
619 246 691 284 τοῦ
710 240 910 284 διδάσκειν
933 242 999 285 τὰν
1021 241 1183 297 στρατὸν
1201 243 1271 285 καὶ
1287 243 1433 292 ἐθίζειν
1463 243 1519 285 ἔτι
1540 243 1583 286 ἐν
1599 249 1651 299 τῇ

205 313 288 367 ἰδίᾳ
307 309 420 362 ὅντα,
449 309 548 351 navo?
566 308 679 360 τάξιν
697 306 937 362 ἅπληκεύειν
957 310 1023 351 καὶ
1048 310 1286 366 ὁδοιπορεῖν.
1329 311 1428 351 LIV.
1459 310 1562 364 Περὶ
1576 313 1651 352 τοῦ
1710 309 1721 316 ‘

203 374 523 419 ὗπαλλάττεσθαι
541 376 611 426 τὰς
633 374 861 425 ἕκτελούσας
880 374 1010 427 τάξεις
1029 376 1103 431 τήν
1123 382 1194 420 τοῦ
1212 376 1316 420 σάκα
1333 378 1553 427 διακονίαν,
1582 375 1650 418 διὰ

202 443 274 486 τόν
305 442 433 486 πολύν
455 441 583 486 κόπον
605 448 678 485 τοῦ
702 443 890 497 ἄρχοντος
918 447 970 493 *).
1025 445 1105 485 LV.
1138 446 1242 500 Περὶ
1270 449 1350 487 τῶν
1376 443 1651 498 ὑποκειμένων
1716 486 1722 515 3

205 514 416 562 δουλειῶν,
445 509 507 553 ὅτι
530 510 603 565 χρή
631 509 706 565 πρὸ
735 511 926 564 ’ἡμετέρας
954 508 1100 564 ταύτης
1127 512 1402 567 λελογισμένης
1433 512 1481 564 [l.
1502 511 1652 566 ἡμέρας

202 578 346 628 ταύτας
360 578 665 633 λελογισμένως]
691 581 844 619 τυποῦν
864 578 932 619 καὶ
951 580 1219 624 διατίθεσθαι.
1275 581 1352 631 Ea,
1376 579 1551 631 inquam,
1581 593 1651 617 ca—
1705 517 1722 633 ’ἓ

202 647 308 699 pita,
338 647 624 698 qualiacunque
655 653 766 697 sunt,
797 653 836 684 et
862 647 1051 699 descripsi
1074 648 1308 701 iampridem
1330 654 1369 686 et
1388 648 1527 686 Latine
1551 660 1650 686 con-
1708 633 1722 720 Ξ

201 715 324 764 verti,
354 721 400 753 ut
427 715 471 752 in
498 713 749 765 subsequenti
776 714 906 765 aliquo
933 715 1138 754 volumine
1164 716 1280 754 facile
1307 715 1464 766 vulgari
1489 719 1648 767 queant,
1711 741 1722 776 ἓ

201 782 235 820 si
252 782 369 820 modo
389 782 494 820 tanti
513 782 699 821 videntur
719 781 897 820 eruditis.
955 782 1135 830 Quorum
1152 783 1344 823 iudicium
1358 782 1435 822 hac
1454 782 1503 821 de
1517 795 1562 821 re
1576 795 1650 821 ex-

204 850 341 901 quiro,
371 863 503 888 meum
522 849 677 887 nullum
699 849 967 902 interponens.
1165 857 1171 861 “
1708 857 1722 879 ’ἓ

48 956 87 990 Ρ.
111 958 183 991 XVI
316 950 404 989 XII.
432 951 515 988 Iam
536 950 644 1002 quod
667 951 717 988 ad
733 950 1098 1003 interpretationem
1123 950 1300 989 Latinam
1327 949 1524 989 Historiae
1546 948 1650 987 Leo-
1704 963 1722 998 q

204 1018 267 1057 nis
289 1019 454 1068 attinet,
482 1018 590 1056 locos
607 1018 800 1057 versionis
822 1019 1125 1057 Combefisianae
1137 1048 1149 1068 ,
1178 1018 1222 1056 in
1245 1018 1399 1060 Criticis
1418 1016 1512 1067 Pagi
1534 1014 1651 1069 (vide
1714 1034 1722 1067 ,ε

205 1099 323 1137 supra
343 1099 429 1137 pag.
451 1086 500 1128 V.
518 1084 580 1138 D.)
611 1092 797 1136 servatos,
826 1087 904 1124 nisi
920 1086 989 1124 ubi
1004 1086 1211 1124 manifesto
1230 1086 1366 1138 lapsus
1388 1090 1494 1130 erat,
1511 1082 1651 1121 iisdem

203 1154 489 1206 propemodum
516 1153 646 1191 verbis
670 1153 713 1191 in
731 1153 942 1192 editionem
964 1168 1088 1191 meam
1106 1151 1238 1190 retuli.
1296 1151 1414 1189 Cuius
1430 1150 1488 1189 rei
1506 1163 1650 1188 unum-

205 1234 400 1273 quemque
427 1221 666 1259 admonitum
694 1234 775 1259 esse
805 1221 944 1260 velim:
973 1235 1042 1271 ne,
1078 1219 1112 1258 si
1148 1232 1266 1271 quem
1295 1218 1339 1255 in
1370 1217 1551 1257 versione
1580 1224 1650 1255 aut
1705 1266 1709 1269 .

203 1289 297 1339 styli
326 1288 611 1338 inconstantia,
640 1294 707 1326 aut
733 1287 936 1340 quippiam
963 1288 1131 1326 fortasse
1162 1299 1245 1324 non
1275 1285 1369 1322 satis
1403 1297 1501 1336 pure
1530 1290 1650 1336 atque
1704 1283 1710 1314 ?

152 1397 154 1399 ,
203 1356 405 1394 emendate
427 1356 575 1394 dictum
601 1355 831 1405 offenderit,
862 1355 1050 1392 continuo
1074 1353 1118 1390 id
1134 1352 1178 1390 in
1194 1350 1540 1404 reprehensionem
1553 1364 1649 1390 ver-
1708 1363 1712 1376 ³

202 1423 368 1462 tendum
388 1429 515 1475 putet.
571 1422 668 1459 Nam
699 1427 781 1459 erat
814 1421 1066 1459 Combefisius
1096 1419 1215 1458 homo
1247 1419 1338 1471 pius
1366 1419 1525 1470 quidem
1548 1418 1650 1457 etin
1677 1417 1681 1419 ’

202 1490 319 1528 rebus
350 1489 469 1527 sacris
501 1488 749 1538 singulariter
777 1488 941 1537 doctus,
974 1488 1043 1525 sed
1066 1487 1135 1539 qui
1158 1500 1361 1538 nunquam
1386 1487 1434 1524 ab
1461 1486 1649 1533 orationis

203 1556 413 1608 asperitate
431 1556 702 1607 moestitiaque
725 1557 854 1594 abesse
876 1555 1019 1606 potuit.
1075 1555 1196 1593 Nobis
1215 1567 1369 1606 quoque
1390 1553 1434 1591 in
1460 1553 1647 1592 universo

203 1623 405 1661 volumine
424 1623 580 1674 linguae
604 1629 720 1674 atque
743 1622 978 1665 elocutionis
1003 1636 1097 1661 cura
1118 1621 1287 1675 (vereor)
1319 1635 1402 1660 non
1419 1626 1532 1658 tanta
1556 1618 1646 1677 fuit,

203 1695 350 1740 quanta
370 1702 453 1727 esse
481 1686 659 1742 poterat,
688 1691 852 1728 fortasse
880 1690 996 1728 etiam
1019 1690 1194 1729 debebat.
1253 1688 1330 1727 Sed
1357 1687 1514 1727 veniam
1540 1690 1648 1725 eius-

202 1757 310 1795 modi
337 1757 491 1795 facilius
522 1757 606 1795 dari
626 1770 741 1809 posse
762 1757 943 1796 existimo
974 1757 1215 1809 Byzanfinae
1242 1755 1432 1794 historiae
1447 1754 1646 1805 studiosis;

204 1824 444 1875 omninoque
460 1823 507 1861 iis
533 1824 598 1875 qui
618 1824 662 1862 in
681 1824 940 1875 scriptoribus
960 1824 1080 1863 medii
1101 1824 1208 1874 aevi,
1237 1823 1368 1862 nescio
1387 1822 1485 1874 quid
1503 1822 1646 1860 barba-

201 1905 294 1930 rum
322 1897 360 1928 et
387 1890 671 1928 inconcinnum
705 1891 957 1941 sonantibus,
998 1891 1273 1943 cogitationem
1305 1889 1448 1942 perdiu
1474 1896 1645 1941 ponunt.

203 1959 419 2006 Praeterea,
435 1957 630 1995 bonorum
648 1957 886 2008 scriptorum
904 1959 1127 2010 exemplum
1146 1963 1395 2005 consecutus,
1407 1957 1472 1994 'vel
1489 1956 1533 1995 in
1550 1971 1646 1996 ver-
1692 1987 1694 1989 -

202 2026 261 2064 bis
292 2019 577 2075 ad'religiones
611 2025 961 2076 persuasionesque
995 2023 1305 2077 pertinentibus,
1347 2023 1417 2061 ubi
1452 2023 1646 2062 difficilli-

202 2106 309 2131 mum
337 2098 438 2141 erat,
481 2091 604 2130 malui
627 2092 827 2130 interdum
859 2093 1008 2143 ahquid
1035 2091 1175 2130 audere
1201 2090 1354 2142 potius,
1394 2103 1511 2141 qua-m
1535 2091 1646 2129 Lati-

202 2174 292 2198 nam
317 2160 531 2198 orationem
553 2160 687 2198 multis
710 2158 868 2197 Graecis
886 2158 1088 2196 vocabulis
1108 2158 1328 2210 inquinare.
1387 2159 1565 2196 Nomina
1583 2174 1646 2196 re-

203 2241 296 2264 rum
319 2228 474 2265 Graeca
496 2242 599 2279 quae
618 2229 881 2265 convertimus
906 2225 968 2278 (ut
989 2225 1191 2263 Cornificii
1209 2224 1339 2262 verbis
1360 2231 1472 2276 utar,
1503 2232 1643 2277 quarto

202 2294 523 2348 Rhetoricorum)
575 2310 620 2333 ea
637 2302 787 2333 remota
815 2300 911 2330 sunt
940 2307 967 2330 a
988 2291 1291 2330 consuetudine:
1321 2307 1424 2344 quae
1450 2294 1552 2330 enim
1580 2307 1644 2339 res

538 2326 548 2345 7

203 2359 318 2412 apud
336 2369 492 2398 nostros
510 2376 589 2400 non
608 2370 743 2412 erant,
773 2375 910 2398 earum
929 2375 1059 2397 rerum
1079 2362 1243 2397 nomina
1268 2374 1346 2397 non
1355 2367 1545 2411 poterant
1563 2375 1644 2398 esse
1703 2364 1709 2394 ξ

205 2431 372 2466 usitata.
442 2429 732 2479 Designationes
774 2429 1006 2479 dignitatum
1019 2457 1030 2477 ,
1079 2425 1305 2464 Pati-iarcha
1317 2455 1328 2476 ‚
1353 2445 1357 2450 ·
1382 2427 1640 2476 Domesticus‚

206 2496 470 2546 Ihungarius,
500 2496 654 2547 aliaque
674 2497 717 2533 id
734 2509 873 2546 genus,
901 2494 1118 2533 necessario
1138 2493 1304 2542 retinui,
1333 2494 1485 2541 tametsi
1505 2507 1556 2531 ex
1574 2495 1642 2531 ni·-

206 2563 397 2601 tidissimo
418 2563 640 2601 Latinitatis
669 2564 780 2601 sonte
809 2562 1110 2613 haudquaquam
1131 2560 1406 2613 profluxerint.
1473 2560 1580 2608 Quas
1607 2561 1643 2598 si

254 2683 291 2728 *)
323 2684 381 2718 Sic
404 2685 540 2718 Codex:
572 2683 632 2719 sed
661 2684 749 2718 lecto
782 2683 894 2728 capite
926 2683 1035 2717 malim
1058 2681 1156 2714 finem
1174 2680 1267 2714 tituli
1287 2684 1415 2717 mutare
1437 2679 1505 2716 sic:
1526 2679 1641 2717 -κό-

298 2741 390 2774 πον,
413 2732 481 2765 τοῦ
503 2728 700 2775 ἄρχοντος,
721 2730 757 2765 εἰ
777 2728 955 2773 δυνατὸν,
980 2729 1155 2773 μένοντος
1177 2724 1304 2762 αὐτοῦ.
