1748 3094
260 130 359 177 378
508 135 811 187 EXCERPTA
837 134 917 178 EX
944 132 1162 177 HISTOR.
1189 133 1430 178 ARABUM

260 246 395 294 pterea
421 239 528 292 quod
554 239 719 277 Romani
743 251 876 277 omnes
904 243 1084 288 angustos
1111 236 1239 275 exitus
1261 237 1569 290 interceperant,
1598 252 1688 277 cum

263 307 345 350 100
360 313 514 346 tantum
531 320 580 345 ex
597 305 718 344 servis
734 305 813 343 suis
835 305 966 344 evasit.
1022 303 1209 355 Reliquos
1222 304 1387 342 Romani
1412 306 1556 356 partim
1575 306 1688 343 occi-

261 374 422 424 derunt,
450 374 595 427 partim
609 373 763 411 vinctos
781 385 868 410 cum
883 372 1027 424 praeda
1043 376 1268 422 recuperata
1280 371 1529 421 reduxerunt,
1553 372 1689 410 multis

260 440 424 493 insuper
443 441 569 493 equis,
599 438 718 476 armis
736 444 775 476 et
798 439 948 488 numis,
978 439 1048 490 qui
1067 436 1374 490 Siphoddaulae,
1399 438 1475 476 filii
1494 432 1688 477 Hamdani

259 506 431 556 fuerant,
470 505 602 558 potiti.
664 504 883 555 Nobilium,
919 506 990 557 qui
1018 519 1108 544 cum
1134 517 1180 542 eo
1209 503 1542 559 (militaverant),
1571 504 1688 543 simul

259 573 384 612 occisi
408 579 521 622 sunt,
549 572 720 623 Hamed,
748 572 853 610 filius
874 572 1054 623 Namusa,
1088 572 1262 612 Mususia
1288 572 1398 611 Ghan
1415 577 1454 611 et
1468 571 1563 609 Gadi
1577 570 1687 610 Abu-

260 639 421 680 Hozain.

368 706 482 744 Anno
495 706 577 748 350
597 705 767 745 Arabum
787 720 924 757 magna
939 705 1107 744 Arabum
1123 711 1287 755 caterva,
1305 704 1514 744 Antiochia
1523 706 1687 744 Tarsum

257 774 455 826 profecta,
483 773 527 811 in
543 774 806 812 Romanorum
819 771 979 810 insidias
999 771 1160 821 incidit,
1189 771 1258 822 qui
1275 784 1325 809 ex
1341 771 1390 809 iis
1409 771 1558 823 aliquos
1578 770 1686 808 occi-

258 841 425 888 derunt,
451 840 622 890 reliquos
641 852 816 889 magnam
833 839 988 876 turbam
1004 838 1160 876 vinctos
1178 837 1434 878 abduxerunt.
1488 836 1687 887 Indignati

257 913 352 945 sunt
379 906 547 955 Arabes,
578 905 739 956 ideoque
770 918 905 943 servus
928 903 1238 956 Siphoddaulae,
1265 905 1392 955 Naga,
1416 904 1636 956 irruptione
1662 917 1687 941 a

255 974 376 1011 latere
402 972 639 1024 Miphractae
655 971 699 1008 in
718 972 983 1009 Romanorum
1007 971 1204 1021 regionem
1222 973 1325 1010 facta
1339 1000 1350 1020 ,
1378 983 1556 1020 magnam
1575 982 1687 1021 prae-
1736 989 1739 991 >

257 1039 346 1078 dam
366 1052 457 1077 cum
474 1042 583 1081 2000
603 1037 818 1086 hominum,
851 1044 889 1075 et
907 1038 949 1075 in
965 1037 1027 1076 his
1044 1040 1098 1081 50
1119 1039 1263 1077 catenis
1285 1038 1438 1078 vinctos
1457 1036 1631 1091 abduxit.
1682 1066 1699 1073 s.

356 1105 471 1144 Anno
486 1105 723 1144 Graecorum
740 1106 858 1152 1274,
882 1104 1047 1143 Arabum
1059 1107 1155 1156 351,
1172 1105 1417 1160 ¹Nicephorus
1434 1103 1684 1153 domesticus,

258 1186 348 1211 cum
369 1175 543 1221 100,000
564 1171 738 1222 equitum
755 1170 799 1208 in
822 1171 998 1209 Ciliciam
1017 1174 1240 1224 profectus,
1268 1171 1510 1212 Anazarbam
1534 1170 1685 1209 obsedit

256 1239 445 1291 gravique
462 1239 562 1276 bello
577 1237 759 1287 vexavit,
789 1237 914 1276 donec
934 1239 1001 1289 qui
1013 1239 1120 1278 intus
1140 1246 1250 1279 erant
1267 1240 1413 1278 Arabes
1426 1268 1437 1289 ,
1466 1239 1516 1277 de
1534 1237 1684 1276 auxilio

257 1308 528 1358 desperantes,
555 1306 673 1357 pacti,
702 1311 748 1344 ut
762 1305 793 1343 si
817 1318 947 1343 arcem
962 1305 1181 1356 traderent,
1208 1306 1424 1345 incolumes
1443 1318 1533 1344 cum
1553 1304 1685 1343 facul-
1712 1346 1715 1347 ⁷

255 1374 402 1412 tatibus
431 1373 606 1422 exirent,
643 1372 719 1410 fide
747 1386 770 1409 a
793 1372 1011 1424 Nicephoro
1040 1379 1222 1424 accepta,
1251 1373 1422 1411 maxime
1443 1371 1551 1423 quod
1566 1371 1684 1409 vide-
1746 1402 1748 1423 :

253 1446 362 1490 rent,
402 1439 530 1477 hostes
561 1453 582 1476 a
611 1438 754 1476 montis
779 1438 900 1477 latere
925 1453 1081 1477 murum
1110 1440 1218 1478 brevi
1241 1445 1515 1491 perrupturos,
1550 1444 1685 1490 portas

254 1512 500 1558 aperuerunt.
556 1505 838 1557 Nicephorum,
877 1519 998 1556 quum
1024 1506 1218 1557 ingressus
1240 1506 1426 1556 vidisset,
1454 1518 1593 1557 parum
1611 1505 1683 1542 ab-
1746 1539 1748 1544 ,

252 1574 394 1622 fuisse,
435 1572 530 1622 quin
554 1571 673 1621 gladii
692 1585 765 1622 ope
788 1572 871 1610 sine
886 1572 1061 1610 molestia
1080 1573 1248 1624 aperiret
1275 1569 1461 1626 (urbem),
1489 1571 1683 1623 poenituit
1744 1573 1748 1615 ³,

251 1640 499 1693 promissum.
542 1639 678 1690 Itaque
693 1639 827 1688 edixit,
850 1645 895 1676 ut
911 1639 954 1676 in
970 1639 1182 1677 oratorium
1203 1639 1392 1691 templum
1410 1638 1534 1676 omnis
1549 1651 1684 1689 popu-
1745 1683 1748 1687 j

254 1707 317 1745 lus
348 1712 645 1756 congregaretur
675 1712 713 1743 et
739 1706 959 1757 quicunque
986 1719 1068 1743 non
1098 1705 1300 1755 introiret,
1330 1705 1516 1755 sanguine
1535 1718 1682 1757 poenas

254 1774 393 1811 lueret.
450 1772 676 1823 Insequenti
697 1772 758 1810 die
773 1772 922 1824 pedites
944 1780 1055 1810 mane
1073 1772 1118 1809 in
1138 1772 1274 1810 urbem
1290 1770 1514 1821 intromissi,
1544 1784 1682 1823 quem-

255 1854 410 1891 cunque
429 1840 677 1889 invenerunt,
704 1839 829 1888 viros,
860 1839 1040 1877 mulieres
1061 1844 1100 1876 et
1116 1851 1266 1889 pueroS,
1293 1838 1554 1879 trucidarunt.
1582 1838 1682 1875 Tum

257 1906 497 1957 comportari
516 1919 622 1943 arma
639 1906 683 1943 in
700 1906 797 1943 urbe
817 1911 963 1957 coepta.
1015 1905 1178 1943 Inventa
1195 1911 1288 1943 sunt
1303 1904 1453 1954 40‚000
1471 1905 1682 1943 loricarum

255 1978 410 2024 praeter
422 1972 570 2022 gladios
591 1977 630 2010 et
646 1985 806 2010 arcuum
817 1986 998 2023 magnum
1016 1984 1234 2010 numerum.
1262 1972 1481 2010 palmarum
1499 1971 1681 2009 arborum

256 2038 406 2086 4Ο,ΟΟΟ
427 2038 577 2075 succisa
592 2045 695 2078 sunt.
749 2039 869 2077 Exire
887 2039 1026 2077 deinde
1041 2052 1191 2088 omnes,
1221 2038 1288 2089 qui
1309 2039 1354 2076 in
1381 2038 1526 2089 templo
1556 2044 1680 2085 erant,

256 2105 382 2152 iussit,
410 2110 449 2141 et
468 2118 651 2154 quorsum
675 2106 841 2155 vellent,
870 2106 999 2154 abire,
1028 2110 1192 2143 mortem
1211 2104 1378 2142 minatus
1397 2104 1588 2153 omnibus,
1610 2103 1680 2155 qui

257 2170 308 2208 ad
328 2183 530 2222 vesperam
549 2178 805 2211 remanerent.
870 2172 1065 2210 Exeuntes
1094 2170 1188 2208 adeo
1216 2184 1256 2208 se
1277 2176 1606 2223 compresserunt,
1635 2176 1680 2208 ut

253 2237 368 2276 multi
398 2250 552 2286 eorum,
580 2238 677 2287 viri,
707 2238 886 2277 mulieres
918 2244 957 2275 et
975 2237 1088 2275 liberi
1112 2250 1156 2275 ea
1183 2238 1466 2289 compressione
1491 2237 1678 2289 perirent.

251 2303 368 2343 Multi
396 2303 440 2341 in
467 2303 531 2342 via
559 2305 704 2341 mortui
730 2311 832 2345 sunt.
899 2304 978 2351 Qui
1009 2309 1138 2341 autem
1164 2310 1455 2353 remanserunt,
1493 2315 1678 2354 quorsum

251 2370 477 2419 tenderent,
505 2369 745 2420 ignorabant.
796 2372 830 2408 N
833 2370 1042 2423 icephorus
1061 2370 1250 2421 templum
1268 2371 1407 2409 evertit
1431 2376 1469 2408 et
1490 2369 1588 2408 duos
1604 2381 1677 2406 ur-

250 2438 310 2476 bis
341 2451 474 2476 muros
495 2449 570 2475 nec
598 2449 680 2474 non
709 2437 816 2474 aulas
845 2437 1048 2477 destruxit.
1105 2437 1265 2475 Duobus
1290 2444 1328 2476 et
1356 2437 1499 2487 viginti
1527 2434 1674 2483 diebus,

252 2504 393 2556 quibus
418 2504 462 2542 in
488 2502 623 2541 Cilicia
655 2510 914 2542 commoratus
939 2509 1043 2552 erat,
1081 2504 1326 2556 Nicephorus
1348 2504 1402 2546 55
1430 2514 1537 2540 arces
1559 2489 1675 2551 cepit,

250 2571 395 2622 partim
413 2571 474 2621 vi,
501 2570 645 2622 partim
663 2569 869 2611 deditione.
926 2571 1055 2618 Quum
1077 2584 1125 2608 ex
1141 2584 1228 2609 arce
1249 2571 1432 2622 quadam,
1461 2581 1578 2619 quam
1600 2567 1675 2604 do·-

251 2637 347 2675 mini
371 2638 452 2676 eius
469 2637 546 2675 fide
562 2643 719 2690 accepta
736 2637 999 2686 tradiderant,
1028 2637 1208 2676 mulieres
1227 2638 1370 2676 Arabes
1389 2635 1675 2687 egrederentur,

251 2708 291 2739 et
309 2702 351 2740 in
369 2698 618 2743 has'Armeni
643 2703 801 2757 quidam
820 2703 1037 2756 irruerent,
1065 2705 1198 2744 mariti
1223 2717 1355 2744 earum
1380 2703 1463 2743 zelo
1492 2700 1672 2754 correpti,
