1748 3094
294 146 394 195 416
743 158 792 202 C.
817 159 867 204 B.
896 157 1051 204 HASII
1074 159 1276 206 NOTAE

293 275 375 314 ρων
404 259 461 309 Εἷς
490 258 563 303 τῦν
592 263 740 315 δῆμόν’
769 263 888 302 Fabio
908 263 1012 303 Max·
1036 269 1128 308 177.
1148 267 1192 306 C.
1217 263 1480 320 ἐμβάλλουσιν
1510 264 1636 310 αὐτοῦ
1656 266 1734 321 τήν

292 313 466 369 δύναμιν
486 317 689 372 φέροντες·
709 320 876 360 Demetr.
895 321 989 364 914.
1012 321 1055 359 F.
1074 320 1208 374 φέρων
1226 321 1363 365 ἑαυτὸν
1378 325 1434 372 εἰς
1449 321 1733 373 πότους-κα-

290 373 462 424 τέβαλλε.
501 375 681 414 Laconic.
701 375 894 414 Institutis
915 379 1009 419 238.
1032 378 1072 415 C.
1091 376 1164 429 τήν
1183 376 1358 434 κιθάραν
1377 377 1501 422 αὐτοῦ
1518 393 1736 434 προσεπατ-

288 426 480 470 τάλευσαν
506 430 703 482 φέροντες.
741 431 849 469 Idem
867 433 995 483 iungit
1019 434 1138 472 verbo
1154 433 1309 486 ἕνσείω,
1335 441 1383 474 ut
1406 435 1453 474 flt
1469 437 1557 475 loco
1578 443 1730 475 nostro.

287 485 476 524 Phocion.
496 490 523 528 7
526 487 593 528 51.
614 487 656 525 F.
678 486 732 534 oig-
754 485 797 527 δὲ
816 487 948 542 φέρων
975 488 1167 530 ἐνέσεισεν
1192 514 1238 521 —-
1261 489 1336 543 τήν
1353 487 1472 533 πόλιν
1491 494 1547 540 εἰς
1565 490 1635 533 τόν
1650 491 1734 532 Ἑλ·

287 539 450 593 ληνικὸν
468 538 650 592 πόλεμον.
682 543 833 590 Quibus
855 544 898 582 in
918 546 1120 596 exemplis,
1137 552 1221 584 tum
1234 547 1276 585 in
1293 547 1391 595 aliis,
1412 561 1508 599 quae
1524 547 1590 586 hic
1609 548 1733 586 ascri-

287 597 379 635 bere
412 611 493 634 non
523 598 684 647 attinet,
713 599 838 637 solum
867 601 1155 639 nominativum
1190 603 1301 641 vides
1336 603 1530 642 adhiberi:
1559 604 1666 652 item,
1688 602 1733 641 ni

286 653 417 700 fallor,
446 654 488 690 in
503 653 582 691 illis
607 668 705 705 quae
730 655 808 693 viri
826 656 933 693 docti
952 657 1193 707 collegerunt
1210 659 1259 697 ad
1276 660 1464 698 Idiotism.
1485 659 1614 711 Viger.
1633 660 1730 702 352.

285 710 381 751 593.
401 711 492 751 663.
514 709 607 751 758.
628 711 695 759 ubi
713 717 794 748 tota
816 711 912 750 haec
937 713 1112 762 quaestio
1137 715 1290 753 erudite
1309 716 1544 754 illustratur.
1605 715 1730 764 Adde,

287 763 422 817 φέρων
447 766 624 815 sequenti
657 767 888 817 imperativo
909 767 1154 807 adhortantis
1182 784 1283 820 esse,
1314 786 1360 809 ac
1379 771 1614 821 significare,
1644 785 1731 823 age,

287 822 363 858 eia.
420 820 532 858 Philo
557 822 662 872 apud
681 823 816 860 Euseb.
850 824 1069 875 Praeparat.
1090 822 1275 877 Evangel.
1293 828 1388 870 345.
1410 829 1454 866 Β.
1476 828 1546 867 καί
1565 843 1633 877 μοι
1656 826 1731 877 φέ-

286 891 368 928 ρων
394 874 498 929 λὲγε,
529 877 596 914 dic
614 878 756 915 amabo
776 887 824 919 te.
885 880 1069 930 Origenes
1090 880 1302 919 Philocah'a
1321 886 1387 926 89.
1407 883 1452 921 A.
1475 884 1542 921 ubi
1564 883 1730 921 Turinus

244 931 418 980 Dvertit,
447 946 534 983 age,
563 933 764 984 responde.
821 935 1069 987 Porphyrius
1087 937 1176 975 Vita
1195 938 1343 976 Plotini
1364 942 1428 981 17.
1449 939 1491 980 C.
1547 940 1644 978 Nam
1663 938 1731 976 ha-

285 987 352 1025 bet
383 988 633 1040 participium
661 989 795 1044 φέρων
823 993 983 1030 eandem
1017 993 1099 1030 vim
1130 993 1389 1044 adhortandi,
1418 1008 1532 1045 quam
1558 995 1739 1047 impera-.

283 1043 391 1082 tivus
423 1042 518 1096 φέρε
544 1044 586 1082 in
608 1045 703 1098 φέρε
720 1048 855 1087 εἰπεῖν.
914 1048 1030 1096 Quod
1049 1049 1289 1100 significare,
1306 1051 1389 1100 fac
1402 1049 1607 1100 dicamus,
1636 1050 1675 1092 h.
1697 1064 1730 1092 e.

283 1097 395 1137 verbi
411 1113 551 1149 causa,
583 1104 745 1153 exempli
756 1106 920 1155 gratia,
951 1105 1035 1156 quis
1056 1112 1114 1143 est
1131 1106 1202 1157 qui
1227 1107 1402 1145 nesciat?
1439 1108 1607 1145 Tametsi
1621 1107 1664 1144 in
1683 1120 1729 1145 eo

285 1155 452 1194 offendit
469 1155 588 1194 homo
611 1159 837 1210 cumprimis
856 1167 992 1198 acutus
1013 1162 1207 1199 Kusterus
1228 1164 1277 1200 ad
1294 1162 1404 1201 Suid.
1419 1162 1450 1200 Ι.
1471 1167 1539 1206 20.
1556 1163 1602 1203 A.
1623 1160 1729 1212 ὅταν,

285 1206 317 1266 ᾧ
337 1210 407 1262 μὲν
425 1211 619 1262 λυσιτελὲς
638 1211 680 1254 τὸ
694 1214 952 1266 καθέζεσθαι,
981 1216 1213 1267 καθέζηται·
1244 1214 1277 1274 ᾦ
1295 1217 1338 1258 δὲ
1355 1215 1605 1268 ἀνακεῖσθαι,
1634 1214 1730 1258 ἄνᾶ-

282 1280 425 1306 κειται·
454 1270 512 1320 τῷ
529 1269 754 1322 πυρέττοντι
772 1271 868 1323 φέρε
888 1273 1023 1312 εἰπεῖν.
1062 1273 1123 1311 Ad
1145 1287 1243 1324 quae
1260 1275 1483 1313 annotavit:
1503 1276 1612 1312 Loco
1631 1274 1731 1311 huie

283 1323 427 1374 aliqua
457 1323 618 1371 desunt,
648 1333 683 1362 et
710 1328 867 1364 ultimis
897 1329 1026 1366 verbis
1053 1330 1146 1366 istis
1165 1330 1306 1366 nullus·
1323 1333 1482 1367 omnino
1502 1343 1643 1367 sensus·
1661 1332 1729 1367 in-

283 1386 364 1415 est:
399 1393 502 1430 quae
530 1383 635 1418 ratio
665 1389 741 1432 est,
773 1397 898 1434 quare
922 1399 967 1421 ea
991 1386 1035 1421 in
1066 1386 1238 1422 versione
1246 1387 1593 1436 praetermiserim.
1651 1384 1729 1424 Sed.

282 1434 413 1484 agitur
442 1435 490 1473 de
521 1438 711 1487 categoria
737 1438 981 1477 Aristotelica
1013 1454 1137 1490 nona,
1169 1454 1267 1491 quae
1287 1447 1345 1479 est
1363 1441 1590 1493 positioniS,
1622 1455 1726 1491 cum,

281 1491 339 1529 ait
358 1491 509 1540 Suidas‚
539 1492 694 1543 sederit,
725 1497 793 1531 cui
810 1494 858 1531 id
874 1495 1049 1546 eapedit5
1079 1504 1115 1533 et
1138 1496 1331 1546 cubuerit,
1361 1499 1428 1535 cai
1447 1497 1592 1534 cubare
1611 1512 1727 1548 expe-

282 1543 356 1584 dit.
406 1547 678 1598 Febricitanti,
708 1551 818 1588 verbi
827 1554 979 1601 gralia.
1024 1552 1182 1603 Nempe,
1211 1552 1401 1601 λυσιτελές
1417 1553 1520 1594 ἐστιν
1537 1553 1726 1592 eiusmodi

279 1602 434 1640 homini
451 1601 493 1643 τὸ
510 1600 760 1655 ἀνακεῖσθαι,
789 1607 892 1644 sicut
911 1607 1100 1646 scribenti
1119 1622 1158 1645 v.
1178 1621 1213 1647 c.
1233 1609 1377 1647 sedere.
1434 1609 1542 1647 Alios
1560 1610 1726 1648 verbum

281 1657 389 1710 φέρω
407 1659 450 1697 in
472 1660 648 1699 fraudem
663 1661 835 1713 impulit,
865 1664 973 1713 quod
991 1664 1260 1702 confuderunt
1282 1678 1372 1703 cum
1390 1665 1528 1703 Latino
1553 1667 1724 1716 auferre.

279 1715 398 1753 Velut
427 1716 639 1755 Robertum
667 1718 889 1756 Balforeum
917 1719 960 1756 in
994 1720 1136 1758 Gelasii
1168 1720 1553 1772 Cyziceni-Historia
1570 1722 1724 1761 Concil.

279 1771 441 1808 Nicaeni
472 1772 508 1814 Ι.
528 1774 621 1815 358.
645 1774 686 1811 C.
707 1772 776 1822 τοὶς
796 1770 1007 1822 ἀσθενείας
1030 1775 1145 1828 ἡμῶν
1168 1773 1377 1829 ἀναλαβών
1400 1777 1469 1818 καὶ
1489 1775 1560 1825 τοὶς
1580 1774 1726 1826 νόσους

280 1826 414 1879 φέρων
427 1840 435 1849 ·
466 1829 739 1880 infirmitatem
773 1837 953 1868 nostram
973 1831 1075 1882 [sic]
1099 1834 1342 1883 suscipiens,
1372 1841 1408 1870 et
1429 1833 1583 1871 morbos·
1604 1836 1725 1884 aufe-

280 1897 380 1921 rens,
437 1883 565 1933 Verte,
595 1892 630 1921 et
648 1886 805 1923 morbos·
817 1888 967 1936 feren-5.
1022 1888 1093 1926 Est
1114 1888 1250 1926 allusio
1268 1889 1318 1926 ad
1338 1889 1454 1928 Isaiae
1473 1889 1569 1930 LIII.
1592 1890 1631 1931 4.
1653 1890 1725 1928 ubi

280 1937 463 1988 Vulgata:
494 1942 735 1993 Languores
762 1950 917 1980 nostros
944 1945 1028 1994 b'pSe
1055 1944 1167 1993 tulit,
1208 1951 1245 1981 et
1272 1943 1426 1982 dolores
1455 1954 1612 1982 nostros
1640 1948 1724 1996 ipse

273 1997 471 2044 portavit,
495 2013 501 2019 ·
526 1993 768 2047 Ἑνσέσεικας
797 1999 934 2037 eodem
965 2012 1081 2038 sensu
1116 2013 1192 2051 quo
1224 2006 1361 2039 nostro
1391 2001 1482 2039 loco
1513 2000 1737 2054 adhibetur·

391 2105 491 2147 Ibid.
523 2108 595 2149 lin.
630 2113 694 2152 12.
722 2109 798 2148 Hic
815 2110 949 2149 locus:
977 2112 1101 2149 Hunc
1121 2113 1291 2149 Leonem
1312 2124 1436 2162 usque
1453 2111 1503 2149 ad
1519 2111 1637 2150 finem
1660 2127 1723 2150 ca-

277 2159 372 2212 pitis
384 2162 646 2202 aCombefisio
668 2179 891 2214 conversus,
910 2174 1085 2205 servatus
1094 2167 1238 2217 legitur
1249 2168 1356 2218 apud
1372 2168 1527 2218 Pagium
1538 2168 1604 2218 III,
1625 2171 1719 2211 876.

103 2215 108 2220 ’
130 2224 170 2258 P.
194 2225 260 2262 199
393 2219 497 2269 Pag.
530 2224 594 2262 20.
626 2222 699 2260 lin.
729 2225 766 2264 8.
799 2219 912 2261 Οὕτω
931 2219 979 2274 δὴ
999 2219 1394 2274 γνωσιμαχήσαντι-ἓ-
1413 2223 1577 2276 ἐπῆλθε]
1602 2224 1721 2276 Apud

278 2271 485 2324 Agathiam
513 2280 734 2326 προσῆλθε,
762 2278 827 2320 56.
849 2278 894 2317 D.
914 2278 956 2316 in
975 2278 1109 2329 phrasi
1131 2291 1245 2329 quam
1266 2279 1342 2317 Leo
1367 2281 1555 2331 respexit.

390 2328 492 2369 Ibid.
521 2331 593 2368 lin.
622 2336 662 2374 9.
692 2332 759 2372 καὶ
798 2329 925 2385 λόγοις
957 2333 1177 2383 ’ὖπαλεῖψαι
1212 2332 1286 2385 τήν
1323 2333 1535 2388 στρατιᾶν]
1575 2336 1719 2375 Confer

278 2383 485 2435 Agathiam
504 2390 572 2428 27.
590 2387 632 2424 B.
648 2387 898 2439 Ὗπαλείφειν
914 2389 1175 2441 metaphorice
1193 2390 1272 2436 diei
1289 2404 1363 2442 pro
1387 2393 1562 2441 incitare,
1584 2394 1734 2429 conci--v

279 2448 375 2489 tare,
403 2441 479 2479 iam
501 2441 720 2493 Stephanus
740 2445 892 2482 monuit
906 2445 948 2483 in
966 2445 1176 2483 Thesauro.
1195 2445 1358 2497 Addam,
1388 2448 1581 2498 eleganter
1598 2461 1720 2486 usur-

278 2497 366 2547 pari
387 2497 435 2535 de
454 2498 679 2549 vaporibus,
710 2500 776 2550 qui
794 2501 922 2550 rigant
940 2507 1053 2552 atque
1071 2500 1310 2543 humectant.
1369 2503 1432 2541 Sic
1449 2505 1485 2542 S.
1506 2503 1718 2553 Gregorius

278 2553 444 2604 Nyssen.
472 2554 528 2590 De
546 2552 649 2592 hom.
678 2555 835 2606 opificio
858 2556 886 2596 Ι.
920 2561 984 2599 69.
1013 2557 1061 2594 Α.
1089 2558 1351 2596 membranam
1381 2559 1577 2596 cerebrum
1598 2559 1717 2608 abire,

278 2608 640 2662 περιπτυσσομένην
661 2609 705 2650 ἐν
726 2610 847 2665 ἑαυτῇ
863 2609 932 2651 τόν
950 2611 1164 2664 ἐγκέφαλον
1177 2639 1191 2658 ,
1218 2613 1287 2653 καὶ
1304 2618 1386 2662 τοῖς
1405 2614 1559 2654 ἐκεῖθεν
1581 2610 1718 2666 &aare

278 2662 613 2717 ὕπαλειφομένην.
671 2666 778 2704 Idem
806 2667 900 2706 ibid.
931 2668 1022 2709 134.
1043 2669 1084 2706 C.
1108 2667 1137 2720 ἦ
1154 2665 1227 2709 ἄπ’
1244 2669 1395 2710 ἐκείνου
1412 2665 1600 2718 ἀνάδοσις
1617 2669 1719 2710 ὑπα-

279 2720 406 2769 λείφει
432 2718 501 2760 τὸν
526 2720 767 2774 περιεκτικόν
792 2725 865 2763 τοῦ
884 2720 1102 2776 ἐγκεφάλου
1125 2723 1265 2776 ὑμένα.
1322 2725 1435 2762 Unde
1454 2725 1718 2777 metaphorice

278 2773 380 2814 sicut
408 2776 580 2815 imbuere
608 2778 713 2831 apud
737 2778 907 2817 Latinos.
966 2780 1003 2820 S.
1034 2780 1207 2831 Ignatius
1239 2780 1364 2833 Epist.
1389 2784 1454 2824 19.
1485 2781 1532 2820 A.
1557 2780 1624 2835 ἐμὲ
1641 2780 1716 2836 yolo
