1768 3034
271 148 336 195 38
754 149 958 196 LEONIS
987 149 1227 195 DIACONI

68 271 104 303 Δ.
120 269 165 302 Μ.
185 266 273 306 6471
283 261 348 303 καὶ
367 260 655 317 στρατηγοῦντι
675 262 756 301 τῶν
776 258 1046 309 ἀνατολικῶν,
1079 256 1196 313 ἀνδρὶ
1217 254 1412 314 ῥωμαλέῳ
1437 256 1505 298 καὶ
1532 258 1714 312 νεανικῷ,

118 316 185 348 Ind.
209 315 232 349 6
279 320 349 371 ’καὶ
370 328 443 382 τὴν
463 326 591 383 ὁρμὴν
611 324 861 380 δυσάντητον
873 324 1096 382 κεκτημένῳ
1117 325 1184 365 καὶ
1204 325 1507 377 δυσεκβίαστον.
1542 321 1569 377 ἦ
1590 323 1634 364 δὲ
1645 322 1717 364 τοῦ

243 397 555 452 Βγραμματειόυ
571 392 769 451 ὕφηγησις
788 395 903 435 ταυτὶ
917 390 1119 448 διηγόρευε
1130 404 1141 414 ·
1160 391 1241 444 ,,τὸ
1256 390 1428 434 δύσνουν
1440 391 1506 432 καὶ
1516 388 1718 444 κακόηθες

285 468 357 505 τοῦ
375 466 499 505 Φωκᾶ
517 460 784 515 ὑπειδόμενος,
808 461 873 501 καὶ
894 460 967 513 τὴν
989 463 1211 516 κακοῦργον
1226 459 1381 512 σκέψιν,
1396 457 1447 513 ἢν
1466 458 1610 506 ἐκεῖνος
1626 456 1716 512 τρέ-

285 547 349 587 φει
363 531 456 572 καθ’
471 529 625 581 ἑαυτὸν,
639 526 807 581 ἐκκόψαι
826 525 1084 581 βουλόμενος,
1110 527 1232 583 ἔγνων
1244 524 1503 579 ἀνακαλύψαι
1520 525 1566 567 τὸ
1588 523 1751 581 ἀπόῤ-ὄ

286 597 410 654 ῥητον
430 601 479 653 τῇ
501 596 733 653 περιφανείᾳ
751 610 838 646 σου,
862 594 903 636 εἶ’
913 611 998 643 πως
1016 594 1090 649 τὴν
1110 595 1257 637 ἐκείνου
1279 591 1556 636 δυσκάθεκτον
1574 589 1717 648 ὁρμὴν,

287 668 362 706 σοῦ
385 667 693 719 συνεργοῦντος,
718 662 1045 716 ἀναχαιτίσωμεν.
1094 661 1282 716 βούλεται
1298 661 1375 718 γὰρ
1399 659 1496 703 ὅσον
1515 659 1626 702 οἷίπω
1647 675 1720 701 τυ-

288 729 508 788 ραννήσειν,
521 733 586 772 καὶ
605 731 677 785 τὴν
694 734 767 784 τῆς
778 730 982 783 βασιλείας
993 728 1119 785 ἀρχὴν
1131 731 1460 786 σφετερίσασθαι.
1501 727 1584 770 ἀλλ’
1599 725 1722 774 αὗτὸς

289 799 362 852 τὴν
386 798 603 840 ἔκσπονδον
630 799 776 839 ἐκείνου
798 795 998 839 ἐκκόπτων
1018 795 1147 852 ὁρμὴν
1155 829 1169 849 ,
1207 797 1281 851 τὴν
1306 800 1388 839 τῶν
1410 792 1723 852 στρατευμάτων

289 863 480 921 πρόνοιαν
510 867 676 919 ἐξαυτῆς
699 865 845 906 ἐκείνου
868 865 941 918 μὲν
968 862 1240 921 ἀφαιροῦμαι,
1278 868 1328 920 τῇ
1354 864 1398 905 δὲ
1417 867 1470 920 σῇ
1499 863 1720 915 ἀνατίθημι
1734 872 1768 907 10

288 931 528 987 ἔνδοξότητι.
584 932 687 987 μετὰ
714 931 858 988 μικρὸν
887 932 931 973 δὲ
968 933 1013 973 σὲ
1042 933 1108 973 καὶ
1147 934 1202 980 εἷς
1232 931 1358 985 αὐτὴν
1378 928 1618 985 ἀναβιβάσαι
1648 929 1724 983 τὴν

289 1004 362 1052 τῆς
379 1001 584 1052 βασιλείας
603 999 816 1056 περιωπὴν.
865 999 915 1041 σὺ
938 1000 982 1041 δὲ
1001 999 1070 1041 τὸν
1089 997 1322 1055 ὖπὲρμαχον
1343 999 1409 1040 καὶ
1429 996 1604 1049 ἀλαζόνα
1627 998 1725 1039 Φω-

289 1070 365 1108 κᾶν
383 1065 591 1121 δεσμώτην
610 1064 917 1122 ἀποφηνάμενος
934 1070 1092 1109 θᾶττον
1112 1065 1385 1122 παράπεμψον
1405 1063 1460 1114 ὡς
1477 1063 1627 1120 ἧμᾶς.”

164 1136 208 1176 Ρ.
224 1137 271 1176 24
392 1132 443 1189 γ’.
491 1134 551 1176 Τὸ
579 1138 761 1177 τοιοῦτον
800 1129 871 1175 οὖν
908 1141 1180 1190 γραμματεῖον
1218 1131 1238 1175 ὃ
1265 1131 1452 1187 Ἰωάννης
1479 1131 1721 1188 ἀπειληφὼς,
1747 1174 1754 1183 ¹

291 1199 502 1255 ἀνειλήσας
518 1218 560 1243 τε
578 1203 644 1243 καὶ
661 1201 734 1255 τὴν
755 1202 796 1242 ἓν
815 1201 924 1258 αὐτῷ
939 1202 1212 1258 πραγματείαν
1232 1198 1521 1253 ἀναλεξάμενος
1539 1198 1632 1255 (τὴν
1651 1203 1724 1253 τῆς
1735 1212 1768 1248 15

79 1269 232 1308 F01.282
247 1285 277 1307 v.
289 1267 490 1322 ἀνατολῆς
517 1269 560 1309 δὲ
592 1268 701 1324 αὐτῷ
730 1270 987 1320 δυναστείαν,
1037 1270 1103 1309 καὶ
1132 1263 1255 1316 αὖθις
1276 1267 1350 1322 τὴν
1371 1271 1452 1309 τῶν
1473 1266 1576 1309 ὅλων
1595 1266 1725 1322 ἀρχὴν

290 1337 355 1376 καὶ
383 1335 624 1389 διακατοχὴν
645 1333 819 1386 τούτων,
859 1335 913 1384 ὥς
933 1353 1003 1388 μοι
1030 1335 1108 1388 ἤδη
1137 1335 1308 1390 εἴρηται,
1347 1331 1724 1389 κατεπηγγεἊλετοῆ

288 1402 424 1457 γραφὴ
435 1434 448 1453 ,
489 1402 529 1443 εἷ’
543 1419 585 1456 γε
609 1406 681 1456 τῆς
705 1407 897 1457 στρατιᾶς
915 1400 1169 1456 μετακινήσοι
1198 1402 1268 1443 τὸν
1287 1400 1526 1458 Νικηφόρον
1558 1403 1624 1443 καὶ
1651 1405 1726 1443 τοῦ

289 1467 475 1522 πλήθους
492 1467 842 1522 ἀποσκευάσοιτο),
883 1475 963 1512 τῶν
978 1468 1111 1511 τόπων
1128 1466 1288 1524 ἀπάρας
1307 1470 1348 1510 ἕν
1367 1467 1427 1518 οἷς
1445 1469 1721 1525 ἀνεστρέφετο,

288 1534 466 1590 ἠπείγετο
483 1534 584 1590 πρὸς
601 1535 671 1576 τὸν
691 1534 927 1591 στρατηγόν.
965 1536 1177 1592 προελθὼν
1201 1537 1244 1578 δὲ
1259 1535 1367 1592 παρὰ
1391 1536 1464 1591 τὴν
1481 1536 1629 1591 σκηνὴν
1648 1536 1723 1591 τὴν
1732 1547 1768 1581 ΞΕ

290 1600 540 1657 στρατήγιον,
557 1604 623 1643 καὶ
644 1602 754 1659 αὐτῷ
775 1602 1352 1659 παρακαθισάμενος(ἀνεψιὸς
1365 1603 1442 1659 γὰρ
1461 1602 1562 1660 πρὸς
1570 1603 1726 1660 μητρὸς

290 1666 312 1709 ὃ
330 1667 515 1722 Ἰωάννης
534 1673 591 1726 τᾷ
603 1668 825 1726 Νικηφόρῳ
846 1669 1110 1728 ἐχρημάτιζε),
1134 1670 1219 1722 „61:-
1237 1671 1353 1724 μὲν,”
1368 1671 1458 1726 ἔφη,
1474 1666 1544 1722 ,,ὦ
1557 1678 1720 1725 γενναῖε,

256 1735 432 1789 Ββαθῦν
460 1735 586 1778 ὕπνον
609 1734 841 1789 καθεύδεις,
879 1740 944 1779 καὶ
969 1736 1068 1794 ὑπὲρ
1092 1738 1162 1780 τὸν
1184 1738 1456 1791 Ἐνδυμίωνα,
1496 1736 1552 1787 ὥς
1572 1751 1719 1794 φασιν·

380 1853 415 1887 7.
446 1852 692 1898 τυραννήσειν.
738 1854 797 1887 Sic
817 1854 941 1896 codex,
974 1861 1013 1889 ut
1034 1853 1079 1890 24
1098 1856 1140 1888 D.
1163 1855 1201 1889 εἴ
1218 1867 1256 1898 γε
1272 1853 1345 1899 μὴν
1364 1852 1723 1900 βούλῃ-πείσεσθαι.

382 1899 437 1932 18.
466 1898 691 1944 μετακινήσει
714 1899 787 1933 cod.
823 1900 927 1934 Paulo
943 1905 1021 1945 post
1039 1901 1216 1945 legendum
1234 1901 1380 1934 fortasse
1395 1899 1621 1947 προσελθών.

291 1995 476 2030 Orientalis
493 1997 626 2039 ducem,
649 1999 771 2041 mittit,
794 1999 902 2034 virum
927 1999 1079 2044 profecto
1098 2000 1237 2041 fortem,
1259 2003 1449 2041 strenuum,
1473 2011 1594 2043 magna
1613 2002 1648 2034 et
1671 2000 1728 2034 in-

291 2042 508 2084 expugnabili
525 2044 560 2076 vi
572 2049 808 2087 praestantem.
855 2046 965 2079 Erant
991 2050 1100 2078 autem
1109 2045 1243 2078 litterae
1261 2045 1409 2090 scriptae
1428 2046 1465 2078 in
1482 2046 1567 2078 hanc
1588 2050 1725 2079 senten-

290 2086 389 2118 tiam:
406 2086 564 2126 „phocae
572 2089 819 2133 improbitatem
839 2102 878 2123 ac
889 2089 1048 2124 malitiam
1064 2101 1139 2123 cum
1155 2095 1342 2135 suspectam
1361 2091 1512 2131 habeam,
1534 2090 1725 2123 consilium-

291 2141 358 2174 que
374 2131 587 2174 sceleratum,
611 2134 700 2178 quod
718 2135 806 2178 apud
823 2147 860 2169 se
878 2136 948 2175 alit,
972 2134 1167 2179 praecidere
1181 2136 1279 2169 velim
1290 2159 1300 2175 ,
1324 2135 1483 2168 constitui
1505 2135 1724 2179 Amplitudini

290 2179 370 2208 tuae
386 2187 455 2208 rem
482 2176 636 2212 arctinam
655 2180 810 2223 aperire,
833 2180 862 2212 si
888 2181 976 2213 sorte
996 2180 1191 2213 effrenatum
1217 2181 1288 2213 eius
1306 2179 1483 2224 impetum,
1505 2184 1542 2213 te
1561 2181 1725 2214 obsecun—

291 2219 413 2260 dante,
436 2222 618 2265 reprimere
638 2225 814 2267 possimus.
859 2225 1019 2259 Decrevit
1037 2224 1122 2257 enim
1139 2225 1322 2259 rebellione
1342 2226 1474 2258 iamiam
1493 2225 1648 2258 facienda
1663 2225 1726 2259 im-

291 2265 379 2309 perii
395 2277 548 2300 summam
564 2268 734 2302 invadere.
781 2269 948 2310 Proinde,
972 2274 1009 2302 ut
1024 2269 1142 2313 impios
1167 2270 1238 2303 eius
1261 2270 1424 2303 vindicem
1446 2274 1601 2311 conatus,
1626 2281 1725 2303 exer-

290 2309 415 2343 cituum
430 2313 694 2355 procurationem
718 2314 767 2347 illi
782 2316 948 2358 evestigio
975 2316 1119 2359 abrogo,
1142 2319 1287 2358 tuaeque
1305 2315 1402 2348 trado
1421 2315 1570 2348 Gloriae.
1618 2314 1723 2349 Brevi

290 2360 401 2388 autem
415 2360 451 2389 te
466 2357 519 2390 vel
540 2357 574 2390 in
592 2358 663 2402 ipso
682 2359 815 2402 imperii
831 2359 969 2403 fastigio
995 2359 1176 2393 collocabo.
1223 2361 1280 2393 Tu
1298 2371 1380 2393 vero
1405 2360 1586 2404 gloriosum
1606 2371 1646 2394 ac
1665 2371 1724 2394 su·-

291 2401 431 2443 perbum
443 2401 588 2436 Phocam
605 2403 639 2436 in
657 2403 791 2437 vincula
807 2405 994 2438 coniectum
1012 2405 1163 2448 protinus
1183 2405 1226 2438 ad
1240 2417 1300 2438 nos
1315 2405 1515 2438 transmit-te.
1526 2406 1556 2424 “⁴

379 2446 413 2480 3.
437 2446 508 2480 Has
528 2447 658 2481 litteras
675 2454 830 2492 acceptas
849 2449 991 2482 Ioannes
1005 2450 1063 2483 ubi
1080 2450 1222 2491 evolvit,
1246 2450 1380 2494 cognito
1397 2461 1510 2483 earum
1528 2452 1723 2493 argumento

288 2488 553 2534 (praefecturam
573 2496 680 2526 autem
701 2493 732 2526 ei
757 2494 927 2533 Orientis,
952 2499 1020 2527 tum
1039 2506 1119 2528 vero
1138 2506 1293 2528 summam
1318 2498 1519 2539 potestatem
1537 2494 1724 2539 possessio-

292 2544 432 2579 nemque
450 2536 598 2581 imperii,
623 2542 662 2571 ut
685 2549 705 2571 a
724 2550 775 2571 ine
797 2538 862 2571 iam
886 2539 1008 2573 dictum
1034 2546 1102 2579 est,
1127 2539 1261 2573 litterae
1289 2540 1551 2584 pollicebantur,
1574 2539 1602 2572 si
1625 2538 1722 2572 modo

291 2579 334 2612 ab
358 2581 506 2615 exercitu
531 2582 701 2616 dimovere
720 2583 964 2628 Nicephorum,
987 2584 1161 2628 copiisque
1187 2596 1311 2619 exuere
1336 2584 1488 2629 posset),
1511 2596 1553 2618 ex
1572 2584 1645 2618 loco
1664 2583 1722 2616 ubi

293 2626 491 2659 versabatur
515 2627 637 2668 movit,
661 2627 706 2660 ad
722 2627 1011 2673 Domesticumque
1028 2630 1193 2673 pervenIt.
1240 2630 1292 2663 lbi
1311 2641 1384 2663 cum
1405 2629 1448 2662 ad
1467 2628 1671 2673 praetorium
1688 2640 1726 2660 se

291 2669 503 2711 contulisset,
534 2675 674 2716 propter
699 2672 807 2717 ipsum
833 2673 959 2706 assedit
986 2674 1081 2717 (erat
1106 2675 1193 2707 enim
1217 2674 1405 2718 Nicephori
1437 2673 1656 2706 consobrinus
1682 2683 1726 2705 ex

289 2718 393 2746 matre
412 2714 594 2759 Ioannes),
619 2721 676 2757 et,
699 2718 781 2758 „Tu
805 2718 938 2762 quidem
947 2718 978 2758 ,''
1002 2718 1130 2763 inquit,
1154 2731 1199 2759 „0
1220 2721 1328 2759 bone,
1353 2718 1455 2752 altum
1475 2728 1623 2751 somnum
1646 2718 1727 2750 dor-

287 2756 348 2790 mis
360 2782 369 2798 ,
393 2758 466 2802 plus
485 2772 583 2805 quam
602 2762 812 2807 Endymion,
836 2763 923 2808 quod
943 2763 1059 2805 aim1t3
1082 2764 1255 2808 Augustae
1269 2769 1390 2798 ,autem
1407 2763 1504 2797 aulae
1523 2763 1726 2807 praefectus,
