1676 3054
196 138 294 185 314
625 144 664 186 Ν
667 143 931 186 ICEPHORI
957 142 1187 186 PHOCAE

195 252 316 306 μένου
326 282 340 303 ,
375 251 440 291 καὶ
461 249 561 307 πρὸς
578 250 651 305 τὴν
670 254 751 292 τῶν
769 248 980 304 εἰρημένων
1003 247 1194 293 σύστασιν
1208 249 1498 305 ἀσχολεῖσθαι,
1512 262 1521 267 ‘
1533 254 1618 299 πῶς
1660 268 1665 273 ·

197 318 247 360 ἄν
279 334 338 366 τις
367 317 502 372 ἀμιγὲς
533 316 628 359 εἶναι
654 318 792 364 κακίας
813 316 860 357 τὸ
881 316 1037 370 ἀγαθὸν
1061 320 1182 359 τοῦτο
1213 320 1435 372 λογίσαιτο,
1470 319 1535 359 καὶ
1560 317 1617 371 μὴ

194 389 253 443 τῷ
273 386 369 441 σίτῳ
387 386 487 440 φαίῃ
504 385 808 440 παραμεμῖχθαι
829 385 893 424 καὶ
915 383 967 424 τὰ
985 382 1157 437 ζιζάνια,·
1191 388 1343 437 μᾶλλον
1364 386 1429 437 δὲ,
1465 389 1549 433 πῶς
1569 384 1616 425 οὔ
1657 392 1667 425 1

195 453 420 502 κενοδοξίας
437 452 535 493 εἷ’ποι
552 448 821 506 προκάλυμμα
838 452 1019 505 γίνεσθαι
1041 450 1114 504 τὴν
1136 453 1375 506 φιλοθε”ι’“αν,·
1403 453 1472 493 ἰ’να
1494 467 1615 507 ‹pave-
1655 491 1660 498 ,

195 521 258 576 ροὶ
287 523 406 560 πᾶσιν
436 514 532 570 ὦσι,
570 518 615 560 τὸ
638 518 758 559 καλὸν
780 521 1004 569 ποιοῦντες,
1042 516 1174 574 ὥσπερ
1203 517 1275 559 οὐκ
1300 519 1549 572 ἀγαπῶντες,
1585 519 1618 559 εἰ

193 585 342 641 μόνους
357 586 487 639 ἔχουσι
499 583 708 640 μάρτυρας
727 584 821 633 τοὺς
840 583 1042 641 παρόντας
1057 579 1104 639 ἧς
1122 585 1300 638 μετίασιν
1320 585 1484 641 ἀρετῆς,
1515 584 1618 626 ἀλλὰ
1657 621 1659 623 ,

193 654 295 707 μηδὲ
308 660 389 700 τοῖς
401 652 678 707 ἐπιγινομένοις
690 652 917 706 ἀγνοεῖσθαι
937 650 1087 705 ταύτην
1105 650 1351 705 βουλόμενοι.
1388 653 1454 693 καὶ
1472 655 1614 702 ταῦτα,

192 722 316 773 τίνες;
355 720 590 775 χριστιανοί.
637 720 733 774 qvae!
772 719 808 760 οἳ
839 721 957 760 παντὶ
986 716 1121 775 τρόπῳ
1151 717 1366 760 λανθάνειν
1391 719 1434 760 ἓν
1460 722 1510 773 τῇ
1537 722 1617 759 τῶν

194 787 361 841 ἀγαθῶν
388 785 524 842 πράξει
543 785 842 838 κεκελευσμένοι.
897 789 1015 827 τοῦτο
1043 787 1087 827 δὲ
1104 789 1190 834 πῶς
1207 786 1279 827 οὒκ
1298 786 1349 827 ἄν
1375 801 1436 833 τις
1453 784 1618 838 ἔκδηλον

195 853 291 895 εἶναι
312 852 454 904 δόξειε,
484 855 550 894 καὶ
571 856 706 909 πολλῷ
726 857 783 909 τῷ
804 850 975 908 περιόντι
996 852 1321 905 πεπιστευμένον,
1351 851 1448 894 ὅταν
1465 853 1647 905 μυρίων1
1667 906 1669 911 ⁴

195 921 320 963 ὄντων
348 919 515 976 ἑτέρων,
553 924 632 961 τῶν
663 918 740 961 ὑπὸ
771 924 841 961 τοῦ
863 917 1010 975 χρόνον
1042 918 1341 973 πεπονηκότων,
1379 921 1444 960 καὶ
1468 922 1618 972 πολλῆς
1655 954 1658 959 ,

194 988 389 1040 δεομένων
396 985 529 1043 χειρός
548 1003 588 1028 τε
609 988 673 1027 καὶ
688 988 907 1043 βοηθείας,
943 986 1188 1038 ἀμελοῦντας
1203 984 1316 1040 ἡμεῖς
1331 990 1404 1028 τοῦ
1421 987 1476 1033 εἷς
1493 986 1618 1026 ἐκεῖνα
1636 1029 1640 1032 ,
1661 980 1664 986 ’

194 1058 379 1112 δαπανᾷν
407 1052 655 1109 προθύμως,
702 1055 766 1094 καὶ
799 1055 1072 1113 διορθοῦσθαι
1110 1057 1263 1104 ταῦτα,
1311 1054 1377 1094 καὶ
1412 1056 1614 1110 συνιστᾷν,
1659 1043 1671 1069 Ῑ

194 1124 255 1163 ἐπὶ
273 1122 317 1163 τὸ
342 1128 583 1176 καινουργεῖν
604 1121 685 1161 ἴδια
704 1120 807 1161 κατὰ
826 1120 976 1174 πολλὴν
993 1118 1202 1176 φερόμεθα
1223 1119 1297 1174 τὴν
1314 1117 1455 1175 ὁρμὴν,
1472 1120 1542 1160 ἵνα
1559 1118 1617 1172 μὴ

192 1187 316 1243 μόνον
338 1186 534 1241 ὀνόματος
557 1186 823 1240 ἀπολαύωμεν
838 1192 998 1239 καινοῦ,
1036 1187 1138 1228 ἀλλὰ
1161 1188 1227 1228 καὶ
1244 1190 1438 1242 καθαρῶς
1459 1185 1667 1242 φαίνοι-1

43 1264 82 1297 P.
110 1264 173 1299 116
196 1273 241 1298 το
278 1258 342 1297 καὶ
368 1255 684 1308 ἀποτεταγμένον
713 1249 739 1310 ᾖ
766 1254 812 1296 τὸ
834 1253 1046 1311 ἡμέτερον,
1085 1252 1139 1302 ὦς
1159 1256 1225 1295 καὶ
1242 1255 1434 1295 τίθεσθαι
1451 1252 1503 1294 τὰ
1525 1251 1617 1294 ὂνό-
1661 1250 1672 1254 ⁷

191 1340 302 1377 ματα
320 1321 432 1376 ἡμῶν
459 1324 520 1363 ἐπὶ
547 1326 627 1363 τῶν
644 1325 767 1376 γαιῶν
777 1354 791 1373 ,
822 1322 924 1363 κατὰ
946 1321 1015 1363 τὸν
1033 1319 1244 1376 προφήτην
1262 1318 1384 1376 φάναι
1403 1319 1473 1361 τὸν
1488 1323 1614 1361 θεῖον.
1661 1358 1673 1365 ,

193 1391 259 1432 διὰ
279 1395 397 1432 τοῦτο
417 1391 481 1430 καὶ
508 1388 608 1444 πρὸς
631 1388 704 1441 τὴν
725 1389 911 1442 ἐργασίαν
933 1392 1011 1430 τῶν
1033 1391 1105 1429 τοῦ
1123 1391 1307 1443 Χριστοῦ
1326 1388 1495 1428 ἐντολῶν
1511 1383 1618 1438 ὖμᾶς
1660 1400 1666 1419 ῑ

193 1459 462 1512 διεγείροντες,
500 1457 564 1496 καὶ
584 1459 656 1508 τῆς
682 1459 900 1507 θεομισοῦς
919 1453 1067 1508 ταύτης
1086 1455 1315 1510 φιλοδοξίας
1334 1453 1380 1495 τὸ
1402 1452 1524 1501 κακὸν
1551 1454 1614 1493 ἔκ·
1661 1448 1673 1456 Ἰ

194 1523 351 1566 κόπτειν
383 1520 642 1575 βουλόμενοι,
681 1525 746 1562 καὶ
778 1520 1090 1573 σπουδάζοντες,
1128 1519 1222 1576 ὅπερ
1249 1519 1299 1562 ἂν
1318 1519 1474 1574 ἀγαθὸν
1491 1524 1666 1561 ποιῶ-

194 1609 287 1644 μεν,
325 1590 392 1631 διὰ
429 1589 532 1632 Θεὸν
561 1586 684 1642 μόνον
713 1590 859 1640 ποιεῖν’,
896 1590 962 1629 καὶ
981 1588 1037 1642 μὴ
1067 1585 1277 1629 συνάπτειν
1295 1585 1425 1643 τούτῳ
1450 1588 1516 1627 καὶ
1543 1586 1616 1640 τὴν

196 1658 453 1715 ἀνθρωπίνην
471 1656 695 1712 ἀρέσκειαν,
722 1655 791 1697 ἵνα
811 1656 868 1710 μὴ
889 1659 960 1710 τῆς
980 1655 1234 1709 ἀντιμισθίας
1254 1652 1412 1702 πάντως
1422 1657 1503 1707 (τῆς
1519 1652 1611 1708 παρ’

284 1766 339 1799 15.
369 1763 488 1798 κενοῦ.
581 1764 633 1798 18.
657 1763 797 1806 Χριστ.]
819 1761 969 1806 Κυρίου.

196 1866 269 1887 cum
296 1849 459 1887 facilitate
484 1854 598 1887 facere
622 1852 719 1892 licet,
743 1854 777 1884 et
803 1850 982 1884 condendis
1007 1850 1162 1884 indicatis
1186 1850 1394 1891 incumbant3
1425 1861 1489 1894 qno
1514 1854 1613 1894 pacto

196 1899 271 1942 quis
289 1899 478 1931 existimare
498 1902 617 1942 queat,
638 1898 756 1930 bonum
774 1897 836 1929 hoc
853 1907 917 1928 non
934 1906 1005 1928 cum
1025 1896 1134 1940 aliquo
1152 1895 1236 1929 vitio
1254 1895 1480 1934 coniunctum,
1503 1905 1543 1927 ac
1560 1894 1613 1927 di-

195 1955 274 1976 cere
298 1955 362 1975 non
385 1945 527 1984 debeat,
551 1944 670 1976 herbas
698 1941 817 1974 noxias
841 1952 915 1973 esse
943 1940 1054 1973 tritico
1081 1940 1282 1984 permistas?
1313 1939 1409 1972 immo
1430 1950 1533 1979 vero,
1555 1938 1613 1982 qui

195 1987 270 2020 fieri
290 1987 414 2031 possit,
438 1992 475 2020 ut
492 1999 556 2020 non
574 1987 665 2020 dicat
682 1997 820 2019 amorem
836 1985 918 2025 Dei,
941 1996 1115 2029 rerumque
1132 1985 1333 2024 divinarum,
1355 1983 1398 2017 ad
1415 1994 1522 2016 vanae
1538 1983 1613 2026 glo-
1666 1961 1676 2013 ἶ

196 2032 267 2065 riae
293 2037 497 2075 praetextum
522 2031 705 2076 usurpari?
728 2042 792 2074 quo
817 2029 900 2062 tales
928 2030 1056 2062 scilicet
1079 2029 1249 2073 conspicui
1271 2029 1338 2062 sint
1360 2028 1507 2061 omnibus
1533 2027 1612 2061 dum

195 2078 315 2109 bonum
339 2077 471 2120 aliquod
498 2077 646 2116 faciunt,
671 2075 766 2120 quasi
794 2085 858 2107 non
883 2074 963 2107 satis
985 2074 1030 2107 sit
1053 2075 1125 2114 eis,
1148 2075 1176 2107 si
1201 2073 1289 2107 solos
1317 2073 1352 2106 in
1377 2073 1439 2105 hoc
1462 2077 1613 2116 tempore
1668 2103 1670 2106 .

196 2126 390 2165 praesentes
408 2121 542 2154 virtutis
559 2122 649 2161 eius,
672 2131 767 2164 quam
789 2119 912 2159 colunt,
936 2123 1039 2152 testes
1060 2119 1214 2159 habeant,
1238 2117 1296 2151 sed
1312 2117 1410 2151 etiam
1428 2117 1470 2150 ad
1498 2121 1613 2161 poste-

195 2178 251 2200 ros
276 2167 359 2198 hanc
387 2177 450 2198 non
476 2166 622 2208 ignotam
643 2177 717 2198 esse
746 2164 860 2197 velint.
912 2163 958 2196 Et
982 2163 1112 2208 quinam
1140 2168 1236 2203 sunt,
1268 2162 1328 2207 qui
1352 2163 1435 2195 haec
1457 2162 1613 2195 faciunt?
1667 2196 1670 2203 ‚

197 2210 381 2244 christiani.
427 2210 539 2243 Vaeh!
563 2211 611 2243 illi
635 2210 774 2250 scilicet,
796 2209 854 2253 qui
876 2208 959 2240 iussi
984 2213 1060 2241 sunt
1084 2208 1117 2240 in
1135 2207 1334 2252 peragendis
1354 2207 1453 2240 rebus
1466 2206 1563 2240 bonis
1576 2205 1614 2239 id

197 2266 330 2299 operam
354 2256 454 2294 dare,
476 2260 514 2288 ut
530 2255 659 2287 omnino
679 2255 814 2287 lateant.
861 2253 910 2286 Et
930 2264 1069 2296 quonam
1087 2254 1182 2286 modo
1198 2251 1362 2296 quispiam
1377 2263 1442 2284 non
1455 2251 1520 2284 hoc
1537 2261 1614 2284 esse

197 2301 403 2335 manifestum
422 2299 606 2339 existimet,
631 2311 669 2332 ac
687 2299 759 2343 plus
780 2309 875 2342 quam
898 2297 1120 2341 exploratum3
1152 2309 1216 2341 quo
1241 2296 1447 2330 monasteriis
1471 2294 1613 2329 infinitis
1666 2304 1673 2325 ,ὲ

197 2344 414 2379 existentibus
437 2344 531 2384 aliis,
556 2355 640 2386 quae
667 2344 756 2377 laesa
783 2343 1001 2376 diuturnitate
1029 2342 1184 2386 temporis
1213 2341 1406 2381 labascunt,
1436 2351 1496 2374 nos
1517 2340 1554 2373 in
1571 2349 1614 2373 ea
1668 2378 1671 2379 ς

199 2396 324 2424 sumtus
350 2389 455 2422 animo
481 2392 609 2432 promto
635 2388 749 2421 facere
771 2388 995 2432 negligentes,
1017 2390 1055 2419 ut
1071 2387 1296 2420 instaurentur
1312 2389 1347 2418 et
1363 2387 1613 2424 conserventur,

199 2435 242 2468 ad
265 2445 367 2468 novas
390 2433 629 2467 exstructiones
649 2433 857 2476 propriorum
882 2432 1151 2466 monasteriorum
1174 2441 1291 2474 magno
1312 2430 1437 2474 impetu
1451 2429 1614 2468 feramur3

198 2484 236 2513 ut
255 2491 319 2512 non
338 2479 434 2512 modo
448 2478 577 2511 nomine
591 2488 676 2510 vano
694 2477 853 2517 fruamur,
875 2477 935 2510 sed
953 2477 1049 2510 etiam
1065 2476 1120 2517 id,
1142 2476 1229 2520 quod
1242 2478 1387 2508 nostrum
1402 2477 1466 2513 est,
1484 2472 1613 2516 liquido

199 2524 411 2568 conspicuum
435 2523 482 2556 sit
503 2526 538 2555 et
565 2522 607 2555 ab
623 2521 697 2554 aliis
714 2527 894 2563 secretum
918 2522 1000 2555 adeo
1017 2521 1167 2565 quidem,
1190 2525 1229 2553 ut
1245 2520 1343 2553 etiam
1356 2518 1487 2551 nomina
1499 2519 1613 2551 nostra

198 2569 299 2603 terris
325 2569 542 2612 imponamus,
564 2571 603 2599 ut
627 2566 739 2599 verbis
767 2567 871 2599 divini
896 2566 984 2599 vatis
1008 2571 1146 2599 utamur.
1194 2565 1407 2608 Quapropter
1426 2565 1462 2595 et
1485 2561 1529 2594 ad
1550 2560 1613 2594 im-

199 2614 321 2657 plenda
338 2613 467 2646 Christi
489 2612 641 2646 mandata
666 2622 726 2643 vos
750 2611 950 2650 excitantes,
974 2614 1009 2644 et
1025 2611 1141 2644 vitium
1163 2608 1346 2643 ambitionis
1372 2607 1470 2640 huius
1490 2616 1613 2639 exosae
1673 2645 1676 2651 Δ

199 2659 271 2691 Deo
299 2658 493 2692 exscindere
508 2656 674 2696 volentes,
697 2659 731 2688 et
748 2655 893 2688 studiose
916 2655 951 2688 in
970 2656 1033 2688 hoc
1049 2655 1290 2694 incumbentes,
1310 2656 1349 2686 ut
1362 2650 1520 2695 quidquid
1532 2649 1613 2683 boni
1668 2667 1670 2669 >

198 2702 357 2748 facimus,
376 2703 441 2736 Dei
458 2702 559 2735 solius
577 2711 679 2734 causa
696 2700 876 2740 faciamus,
909 2703 946 2733 et
965 2711 1037 2733 cum
1063 2711 1103 2733 eo
1129 2700 1271 2733 studium
1297 2695 1449 2741 placendi
1471 2694 1612 2729 homini-

197 2747 260 2782 bus
281 2759 344 2782 nou
363 2747 613 2792 coniungamus,
634 2756 679 2780 ue
693 2745 955 2781 remuneratione
973 2746 1016 2780 ab
1033 2745 1107 2790 ipso
1126 2743 1353 2790 proficiscente
1367 2751 1503 2787 prorsus
1519 2738 1611 2774 exci-

1662 1852 1676 1955 -J—*JL-„xbxn
1664 1824 1676 1845 z»
1665 1752 1676 1814 <ann
1667 1700 1676 1738 »λυ
1665 1632 1676 1690 τμᾼᾼι
1665 1595 1676 1624 ’.ω
