1748 3094
393 184 473 228 AD
494 185 867 233 NICEPHORUM
898 188 1152 234 PHOCAM.
1388 188 1488 242 353

74 297 156 324 non
172 286 489 338 committantur,
516 290 583 328 sed
603 290 714 342 qnasi
731 303 824 342 prae
834 295 1044 344 vetustate,
1070 299 1119 334 ut:
1136 293 1254 334 vestis
1267 302 1487 350 contempta

12 349 15 351 ’
75 353 348 393 contemnitur.
404 356 478 394 Sed
504 355 606 395 hanc
627 358 829 410 Synodum
850 359 991 398 factam
1015 372 1097 399 ease
1123 360 1165 400 in
1185 362 1355 403 saxonia
1376 370 1484 404 certo

73 417 183 469 scio,
211 418 255 457 in
280 433 357 471 qna
374 426 585 461 tractatum
611 428 668 463 est
694 429 732 463 et
754 422 970 475 firmatum,
998 425 1197 467 decentius
1222 428 1377 471 entibus
1401 444 1484 482 pu-

72 496 213 535 gnare,
250 499 367 537 quam
393 488 571 538 calami„
609 494 649 527 et
670 490 780 541 prins
807 496 971 529 mortem
996 491 1125 545 obire,
1165 506 1279 545 quam
1305 493 1518 536 hostibusB

72 554 178 601 terga
195 551 307 591 dare:
336 554 441 604 quod
455 555 518 593 vel
535 561 626 593 tuus
644 555 835 594 exercitus
853 558 1065 609 experitur,
1091 558 1136 597 in
1154 559 1270 599 corde
1282 573 1368 601 meo
1385 562 1483 612 dixi,

72 622 112 654 et
127 630 241 668 quam
256 618 336 657 sint
356 633 548 671 pugnaces
565 634 608 660 re
628 621 712 673 ipsa
733 623 964 674 experiatur.
1019 624 1163 663 verum
1178 624 1255 664 hac
1270 628 1403 668 eadem
1420 629 1485 668 die

70 688 162 733 post
188 684 409 736 meridiem,
447 687 543 726 adeo
570 687 822 739 impotentem
849 696 889 727 et
913 689 1227 741 transfiguratum
1254 706 1318 732 me
1349 708 1484 735 rever-

69 751 170 788 tenti
193 751 244 789 ad
269 753 458 804 palatium
482 754 557 792 sibi
584 756 781 807 praecepit
810 768 1040 805 occurrere,
1080 763 1122 795 nt
1147 757 1345 799 obviantes
1373 761 1482 812 mihi,

70 829 167 867 quae
186 818 296 870 prius
313 819 355 858 in
370 825 565 871 stuporem
580 821 720 859 mentis
738 821 918 860 mulieres
933 835 1091 871 versae,
1117 823 1250 875 Mana,
1277 839 1391 865 mana
1409 826 1484 881 ²⁰),

70 882 307 934 clamabant,
334 885 530 925 miseriam
554 900 680 926 meam
709 888 848 939 pugnis
871 894 1030 940 pectora
1056 895 1191 929 tunsae
1219 892 1395 932 dicerent
1414 909 1484 935 τα-

67 948 178 989 κεινὲ
201 949 268 991 καὶ
290 953 530 1003 ταλαίπωρε,
559 952 641 999 cui,
668 953 886 1005 Nicephoro
906 955 1054 993 scilicet
1078 956 1271 1008 venienti,
1306 965 1346 998 et
1367 960 1482 1000 vobis

68 1015 301 1063 absentibus,
326 1018 422 1069 quid
438 1024 533 1056 tunc
550 1019 726 1057 manibus
744 1019 786 1058 in
801 1020 947 1059 caelum
962 1021 1099 1059 erectis
1120 1025 1356 1077 optaverim,
1382 1041 1482 1079 pro-

66 1081 225 1120 veniant
234 1084 394 1122 utinam.
422 1085 497 1123 Sed
506 1084 600 1123 mihi
611 1086 729 1124 velim
741 1086 919 1135 credatis,
938 1086 987 1125 ad
997 1087 1116 1126 risum
1127 1101 1188 1126 me
1198 1103 1276 1128 non
1286 1105 1423 1143 pamm
1435 1093 1483 1130 il.

66 1147 175 1188 texit.
204 1148 425 1200 Impatienti
445 1151 547 1189 enim
566 1157 683 1202 atque
707 1152 863 1190 effraeni
879 1153 1051 1190 insidens
1063 1166 1184 1205 equo,
1213 1157 1305 1195 satis
1314 1171 1477 1209 parvus,

67 1214 162 1251 satis
173 1228 324 1267 magno,
343 1230 516 1270 puppam
534 1218 663 1270 ipsum
680 1232 787 1256 mens
800 1219 874 1256 sibi
890 1218 1067 1270 depinnit
1084 1233 1180 1268 mea,
1192 1235 1304 1272 quam
1314 1223 1511 1264 Schlavic

65 1283 185 1321 vestri
204 1284 344 1335 equino
365 1284 588 1335 colligantes
605 1285 715 1336 pullo
733 1291 895 1323 matrem
913 1285 1204 1336 praecedentem
1221 1289 1328 1339 sequi
1347 1289 1483 1329 effrae-

63 1355 156 1387 nate
178 1349 393 1389 dimittunt.
446 1351 518 1389 His
538 1351 700 1402 expletis
719 1351 768 1388 ad
798 1351 977 1389 concives
1005 1357 1043 1390 et
1064 1350 1345 1392 cohabitatores
1365 1368 1482 1404 meos,

65 1415 238 1467 quinque
263 1417 419 1465 leones,
446 1417 490 1454 in
515 1417 844 1469 praenominatam
872 1416 1039 1456 invisam
1068 1417 1224 1456 domum
1252 1433 1336 1458 snm
1357 1421 1481 1460 dedu-

64 1488 150 1520 ctus
162 1496 175 1531 ;
210 1483 280 1528 ‚nbi
311 1490 403 1535 post
434 1483 763 1522 hebdomadarum
801 1484 970 1536 spatium
1008 1484 1155 1532 trium,
1191 1486 1340 1524 nullius
1353 1515 1366 1537 ,
1401 1487 1479 1526 nisi

62 1561 237 1588 meorum
260 1563 346 1588 sum
373 1539 568 1601 colloquio
589 1550 776 1588 visitatus.
832 1550 914 1597 Qua
946 1562 996 1588 ex
1016 1563 1060 1588 re
1078 1550 1339 1602 Nicephorum
1362 1567 1479 1592 mun-

64 1628 176 1665 quam
197 1629 260 1654 me
277 1616 378 1654 velle
405 1616 597 1655 dimittere
619 1630 726 1654 mens
745 1616 817 1654 sibi
836 1616 1014 1668 depinxit
1034 1630 1137 1668 mea,
1166 1631 1212 1655 ac
1231 1618 1387 1657 tristitia
1403 1619 1478 1658 im-

62 1682 215 1720 modica
237 1682 462 1733 languorem
486 1683 664 1732 languori
683 1682 776 1720 adeo
799 1682 1120 1734 superimposuit,
1147 1689 1192 1721 ut
1216 1683 1298 1722 vita
1316 1685 1478 1724 excede-

60 1760 166 1797 rem,
194 1748 272 1785 nisi
299 1748 398 1786 mihi
419 1749 521 1786 hanc
546 1749 615 1786 Dei
644 1748 823 1786 Genitn'x
854 1762 876 1785 a
894 1736 1077 1788 'creatore
1104 1755 1143 1787 et
1163 1749 1262 1787 Filio
1289 1763 1360 1788 suo
1390 1764 1478 1803 pre-

62 1813 173 1851 cibus
191 1814 381 1852 obtineret
387 1828 399 1864 ;
429 1815 752 1865 quemadmodum
771 1828 849 1863 nqn
867 1815 1081 1865 fantastica,
1109 1815 1177 1853 sed
1193 1829 1284 1854 vera
1305 1822 1363 1855 est
1378 1817 1477 1856 mihi

61 1866 213 1916 visione
236 1886 506 1919 monstratum.
559 1881 630 1919 His
656 1894 744 1931 ergo
770 1881 893 1919 tribus
919 1880 1225 1920 hebdomadibus
1240 1875 1378 1920 habuit
1401 1883 1476 1922 Ni-

62 1944 253 1996 cephorus
289 1953 400 1985 extra
429 1946 800 1998 Constantinopolim
828 1947 1068 1995 metastasin,
1103 1947 1146 1985 id
1169 1952 1227 1984 est
1250 1947 1507 1998 stationem‚l)

61 2012 106 2050 in
124 2011 214 2049 loco
244 2013 315 2063 qui
339 2013 483 2052 dicitur
502 2014 558 2061 εῖς
585 2011 733 2065 πηγάς,
768 2012 811 2051 id
836 2019 894 2051 est
920 2013 971 2051 ad
998 2013 1143 2058 sontes,
1183 2013 1390 2066 eodemque
1409 2028 1473 2054 me

60 2077 194 2116 venire
207 2079 416 2131 praecepit.
470 2081 519 2118 Et
540 2093 629 2117 cum
654 2086 783 2117 tamen
795 2079 1001 2129 languidus
1018 2091 1158 2124 essem,
1186 2085 1231 2117 ut
1249 2093 1328 2117 non
1344 2081 1471 2120 solum

61 2143 197 2193 statio,
230 2145 299 2183 sed
322 2146 407 2197 ipsa
432 2146 546 2184 etiam
571 2146 687 2184 sessio
715 2145 845 2195 gravis
875 2144 969 2183 mihi
995 2158 1122 2184 morae
1141 2145 1362 2194 videretur,
1388 2147 1472 2186 dis-

63 2217 248 2261 cooperto
272 2213 420 2264 capite,
449 2213 554 2263 quod
577 2213 699 2250 malae
724 2211 940 2249 valetudini
966 2224 1072 2249 meae
1097 2211 1211 2249 nimis
1235 2213 1471 2252 contrarium

62 2282 160 2324 erat,
189 2282 275 2314 ante
293 2291 334 2314 se
353 2265 414 2315 me
439 2285 540 2317 stare
559 2280 705 2329 coegit3
734 2279 798 2316 cui
819 2284 859 2316 et
878 2277 951 2314 ait:
980 2276 1134 2314 Domini
1149 2277 1211 2315 tui
1226 2279 1338 2329 Regis
1358 2280 1472 2318 Otto-

60 2341 123 2379 nia
138 2342 295 2391 nuncii,
322 2344 392 2395 qni
410 2346 616 2395 praeterito
632 2351 670 2383 te
685 2350 975 2396 praecesserunt
992 2353 1093 2381 anno
1104 2373 1116 2395 ,
1145 2343 1358 2383 iuramento
1374 2346 1470 2383 mihi

60 2407 335 2459 promiserunt,
349 2415 386 2447 et
392 2411 643 2450 iurisiurandi
651 2412 786 2449 literae
799 2409 1140 2462 inpraesentiarum
1150 2416 1253 2461 sunt,
1263 2425 1477 2462 numquam·

60 2474 170 2511 illum
186 2474 230 2512 in
250 2474 380 2525 aliquo
396 2484 571 2516 nostrum
586 2479 845 2516 scandalizare
861 2476 1079 2527 Imperium.
1132 2475 1200 2513 vis
1219 2476 1341 2514 maius
1361 2489 1471 2514 scan-

62 2539 214 2592 dalum,
243 2554 356 2592 quam
378 2543 484 2594 quod
510 2557 552 2582 se
579 2545 854 2596 imperatorem
872 2549 1011 2590 vocat,
1038 2541 1197 2602 Imperii
1224 2542 1350 2580 nostri
1378 2541 1468 2580 the-

102 2680 167 2724 20)
188 2680 229 2713 Id
250 2685 303 2715 est
328 2682 457 2725 Mater,
478 2687 600 2718 mater.
625 2679 729 2719 Mur.

147 2747 349 2791 Imitpmndc'
370 2749 527 2794 Legatio.
1150 2748 1204 2788 23
