1768 3034
298 130 364 177 42
794 132 997 180 LEONIS
1023 133 1261 178 DIACONI

85 250 120 281 A.
140 248 182 280 M.
202 245 290 283 6471
401 241 443 285 ε’.
480 241 596 294 ,,“Ὀτι
616 243 689 296 ’μὲν
714 241 787 284 οὔκ
807 242 936 298 ἐφέσει
955 242 1214 298 τυραννίδος,
1239 236 1272 284 ὦ
1293 244 1610 297 συστρατιῶται,
1637 237 1729 284 τόδε

133 295 200 326 Ind'
225 295 247 328 6
300 309 346 351 τό
368 314 503 364 σχῆμα
522 315 594 364 τῆς
611 312 816 363 βασιλείας
829 310 1035 365 ἀνείληφα,
1073 307 1301 365 κατανάγκῃ
1323 309 1367 350 δὲ
1385 306 1499 362 ὗμῶν
1517 313 1589 351 τοῦ
1604 324 1729 365 στραω

85 382 155 413 Fol.
175 382 243 416 283
265 394 293 415 ν.
305 382 376 419 τοῦ
405 380 614 431 βιασθεὶς,
650 378 890 433 μαρτυρεῖτέ
912 394 982 432 μοι
1007 378 1072 418 καὶ
1094 376 1231 429 αὐτοὶ,
1270 377 1312 418 οἵ
1333 392 1375 431 γε
1395 378 1460 417 καὶ
1483 376 1730 431 ἀποτροπια-

297 443 462 498 ζόμενόν
480 462 522 487 τε
541 444 614 499 τὴν
636 443 837 498 τοσαύτην
857 445 1053 500 φροντίδα
1071 446 1138 485 καὶ
1157 442 1349 500 πρόνοιαν
1364 448 1436 485 τοῦ
1455 443 1626 495 παντὸς,
1663 443 1731 485 καὶ

279 507 447 555 ’ἄκοντα
475 510 799 566 κατηναγκάσατε
822 512 1031 561 δέξασθαι.
1079 510 1139 553 ὅτι
1159 513 1204 553 δὲ
1230 511 1363 569 εὐνοίᾳ
1380 515 1534 565 μᾶλλον
1550 508 1664 564 ὑμῶν
1684 526 1726 552 τε

295 581 362 620 καὶ
383 579 581 637 ἀσφαλείᾳ
599 577 755 620 ἑαυτοῦ,
767 579 868 634 πρὸς
886 579 956 621 τὸν
969 583 1163 621 τοσοῦτον
1181 579 1318 634 ἀγῶνα
1342 579 1520 621 ἐπέδωκα
1538 577 1725 631 ἐμαυτὸν,

260 647 441 688 Βεῖδέναι
459 645 659 699 βούλομαι
679 645 832 695 πάντας
850 644 969 700 ὗμᾶς.
1014 645 1273 703 μαρτύρομαι
1293 647 1336 688 δὲ
1362 646 1436 700 τὴν
1455 646 1502 689 τὸ
1522 650 1603 688 πᾶν
1623 647 1729 686 διευ-

297 712 507 755 θύνουσαν
535 712 749 770 πρόνοιαν,
788 712 842 763 ὥς
863 712 1079 770 πρόθυμός
1109 716 1187 768 εἶμι
1199 747 1213 766 ,
1252 716 1318 756 καὶ
1345 714 1471 769 αὐτὴν
1490 713 1564 768 τὴν
1590 712 1730 766 ψυχὴν

296 785 429 822 θεῖναι
455 779 554 837 ὑπὲρ
583 778 719 834 ὖμῶν,
757 783 823 823 καὶ
856 782 929 823 οὐκ
956 781 1005 824 ἄν
1035 783 1092 835 με’
1115 798 1153 823 τι
1181 786 1263 824 τῶν
1282 782 1420 836 ἀηδῶν
1449 782 1522 823 τοῦ
1543 779 1728 822 τοιούτου

296 847 495 902 ἀπαγάγοι
523 853 686 890 σκοποῦ.
732 849 812 890 ἐπεὶ
842 844 914 891 οὗν
935 849 1007 891 οὗκ
1035 849 1222 904 ἠνέγκατε
1241 849 1315 903 τὴν
1342 850 1484 903 τομίου
1512 848 1730 890 ἔκσπονδον

295 913 491 956 ἀπόνοιαν
520 917 586 957 καὶ
614 916 687 970 τὴν
722 915 910 971 λυσσώδη
941 918 1006 959 καὶ
1037 916 1219 972 ὀργῶσαν
1248 917 1394 958 ἐκείνου
1421 915 1646 958 αὐθάδειαν
1676 916 1732 963 εἷς

297 980 413 1037 ἔργον
429 988 627 1039 χωρῆσαι,
666 983 751 1024 ἀλλ’
774 982 921 1026 ὡσανεί
936 1002 1025 1026 τινα
1043 983 1317 1040 βαρυκάρδιον
1334 982 1549 1038 ἐπιστάτην
1569 982 1730 1024 ἀποσει-

297 1047 485 1102 σάμενοι,
525 1052 593 1104 ἐμὲ
613 1050 836 1104 βασιλεύειν
853 1050 967 1105 ὖμῶν
993 1050 1256 1108 ᾖρετίσασθε,
1294 1053 1358 1093 ἐπὶ
1385 1055 1466 1093 τῶν
1485 1048 1732 1107 πραγμάτων

297 1118 412 1166 δείξω
432 1123 596 1174 σαφῶς,
637 1117 696 1160 ὅτι
716 1136 757 1160 τε
778 1118 886 1174 ᾔδειν
908 1120 1130 1175 ἄρχεσθαι,
1169 1121 1235 1160 καὶ
1254 1123 1325 1161 νῦν
1346 1118 1731 1175 ἅρχεινῑᾶνεπισφαέ

293 1187 375 1232 λῶς
413 1185 486 1226 σὺν
517 1190 603 1242 θεῷ
631 1186 899 1239 ἐξεπίσταμαι.
958 1186 1114 1228 εὔνοιαν
1144 1181 1215 1228 οὖν
1242 1185 1343 1240 {figant
1372 1185 1427 1235 ὥς
1456 1203 1516 1235 τις
1541 1183 1730 1242 φιλόπαις

294 1251 451 1307 πατὴρ,
491 1252 752 1305 συμβουλεύω
771 1258 894 1295 πᾶσιν
919 1252 1013 1307 ὖμῖν
1034 1252 1088 1302 ὥς
1105 1254 1208 1302 υἱοῖς
1228 1252 1493 1310 φιλοπάτορσι
1503 1286 1517 1305 ,
1553 1253 1611 1307 μὴ
1631 1251 1732 1308 πρὸς

256 1325 287 1358 C
300 1317 509 1376 ῥᾳστώνην
528 1322 592 1360 καὶ
613 1321 769 1376 τρυφὴν
790 1321 942 1363 ἀπιδεῖν
950 1354 964 1373 ,
1003 1321 1087 1362 ἀλλ’
1112 1320 1362 1377 ἐγρηγορέναι
1381 1322 1446 1362 καὶ
1466 1319 1626 1376 νήφειν,
1663 1320 1732 1361 καὶ
1767 1338 1768 1358 ι

293 1386 344 1427 τὰ
365 1388 641 1439 συμπίπτοντα
667 1388 985 1443 εὖπρεπισμένως
1005 1388 1314 1444 προσδέχεσθαι.
1351 1389 1614 1444 τεκμαίρομαι
1634 1386 1726 1442 γὰρ,
1767 1395 1768 1398 ’

290 1453 348 1506 μὴ
373 1453 568 1506 ἀναιμωτὶ
593 1456 851 1510 διακριθῆναι
872 1456 922 1497 τὰ
943 1454 1171 1511 πράγματα.
1209 1455 1395 1511 καὶγὰρ,
1435 1455 1531 1497 ὅσον
1559 1457 1614 1504 εἷς
1637 1453 1729 1495 ἀνέ-

292 1537 435 1575 φικτον
463 1519 571 1573 ὕψος
591 1526 662 1575 τῆς
679 1524 885 1575 βασιλείας
903 1523 948 1564 τὸ
976 1521 1122 1579 κράτος
1142 1522 1352 1577 ἀνέστηκε,
1389 1527 1583 1564 τοσοῦτον
1611 1523 1676 1564 καὶ
1705 1518 1768 1564 52

293 1586 453 1642 φθόνος
469 1590 534 1629 καὶ
554 1587 575 1630 ὃ
595 1588 766 1642 πόλεμος
783 1592 870 1646 περὶ
883 1590 1008 1649 αὐτὴν
1026 1589 1185 1639 αὔξεται
1205 1588 1512 1644 διαμιλλώμενοι.
1561 1590 1608 1631 οὗ
1627 1588 1730 1645 πρὸς

293 1657 461 1709 Κρῆτας
481 1651 550 1697 οἷν
574 1654 668 1709 ὖμῖν
696 1655 721 1711 ἦ
742 1656 871 1711 πάλη,
907 1658 1004 1699 οὐδὲ
1032 1658 1133 1713 πρὸς
1151 1656 1321 1707 Σκύθας
1339 1660 1406 1699 καὶ
1417 1657 1619 1712 Ἄραβας,
1658 1654 1729 1705 οὓς

293 1726 343 1777 τῇ
374 1727 488 1778 σφῶν
517 1722 636 1780 ἀρετῇ
667 1724 1006 1781 διεχειρισάμεθα,
1055 1724 1158 1766 ἀλλὰ
1185 1725 1286 1781 πρὸς
1315 1725 1388 1780 τὴν
1417 1729 1498 1766 τῶν
1522 1722 1728 1777 Ῥωμαίων

379 1815 415 1851 4.
439 1829 489 1851 τε.
523 1818 645 1851 Melius
661 1820 715 1852 vel
731 1819 802 1852 Leo
817 1820 871 1852 vel
887 1820 1044 1853 librarius
1061 1819 1252 1864 scripsisset
1265 1818 1320 1863 με’.
1414 1822 1467 1855 18.
1491 1820 1587 1864 Lege
1610 1816 1728 1862 εὐτρε-

384 1861 572 1905 πισμὲνως.
597 1865 673 1896 vid.
699 1864 733 1896 S.
749 1865 909 1897 Bas-ilium
925 1866 967 1898 de
985 1866 1168 1908 gratiarum
1186 1865 1319 1900 actione
1335 1864 1453 1901 L365.
1469 1865 1511 1899 C.
1562 1866 1621 1901 21.
1643 1866 1727 1900 δια-

384 1908 596 1951 μιλλώμενα.
630 1909 688 1942 Sic
707 1910 782 1944 cod.
805 1910 898 1944 Fort.
923 1909 1203 1956 ὃιαμιλλωμένῳ.

385 1986 418 2019 5.
442 1985 547 2025 „Non
566 1986 731 2020 desiderio
749 1999 800 2021 me
817 1987 1024 2030 tyrannidis,
1049 1987 1305 2029 commilitones,
1331 1989 1482 2021 ornatum
1504 1987 1602 2020 istum
1619 1987 1727 2032 impe-

295 2030 455 2065 ratorium
474 2032 630 2064 sumsisse
642 2057 652 2072 ,
676 2033 736 2065 sed
754 2033 875 2066 studiis
895 2033 1017 2066 vestris
1035 2032 1269 2076 exercitusque
1286 2033 1461 2073 adactum,
1483 2044 1545 2066 vos
1559 2033 1627 2076 ipsi
1645 2033 1726 2066 mihi

293 2080 402 2109 testes
427 2075 528 2116 estis,
554 2077 610 2120 qui
638 2089 708 2118 me,
733 2082 940 2118 aversantem
966 2077 1147 2111 molestiam
1170 2082 1238 2110 tam
1263 2089 1434 2122 magnam,
1458 2078 1726 2122 procurationem

294 2120 499 2164 reipublicae
516 2121 569 2154 vel
589 2122 727 2156 invitum
746 2123 916 2166 suscipere
934 2123 1103 2166 coi‘aegistis.
1142 2122 1243 2161 Quod
1260 2128 1368 2156 autem
1386 2134 1466 2155 cura
1479 2123 1585 2156 vestri
1602 2124 1725 2166 pot-ius,

293 2176 453 2208 meaeque
469 2166 704 2200 incolumitatis
719 2168 916 2201 retinendae
934 2179 1054 2207 causa,
1078 2167 1113 2200 in
1129 2171 1258 2200 tant-um
1275 2179 1326 2201 me
1347 2167 1522 2201 discrimen
1540 2168 1725 2208 obtulerim,

293 2211 383 2244 scire
399 2221 460 2243 vos
476 2222 586 2244 omnes
604 2214 691 2245 volo.
739 2213 989 2246 Providentiam
1006 2216 1125 2252 testor,
1148 2224 1233 2256 quae
1250 2213 1441 2246 universum
1457 2214 1641 2256 gubernat,
1664 2224 1727 2256 pa-

293 2259 402 2289 ratum
426 2267 478 2288 me
501 2268 576 2289 esse
605 2257 661 2289 vel
686 2257 790 2301 ipsam
820 2259 923 2291 vitam
949 2268 1008 2301 pro
1036 2257 1132 2290 vobis
1172 2257 1363 2300 deponere,
1401 2269 1511 2302 neque
1542 2258 1642 2291 ulium
1672 2258 1727 2291 in·-

294 2301 495 2334 commodum
520 2313 571 2334 me
589 2302 631 2334 de
651 2302 712 2335 hoc
731 2303 902 2346 proposito
919 2303 1144 2335 deducturum.
1192 2303 1241 2335 Et
1259 2302 1412 2347 quoniam
1434 2314 1500 2336 non
1515 2302 1724 2347 permisistis,
1758 2305 1761 2307 “

292 2349 332 2379 ut
348 2346 478 2389 perfida
493 2346 653 2388 amentia,
677 2351 714 2379 ut
725 2348 858 2380 rabiosa
878 2352 912 2380 et
928 2348 1071 2380 insolens
1085 2347 1255 2381 temeritas
1274 2347 1429 2392 spadonis
1448 2348 1491 2380 ad
1510 2348 1634 2381 exitum
1643 2358 1724 2391 per-
1763 2389 1766 2392 Δ

292 2390 443 2431 veniret,
477 2392 557 2431 sed,
588 2391 644 2424 illo
671 2396 829 2436 tanquam
855 2393 1000 2425 vecorde
1025 2397 1158 2426 rectore
1184 2393 1331 2433 reiecto,
1361 2404 1413 2425 me
1437 2392 1603 2437 imperare
1628 2392 1726 2425 vobis

291 2435 469 2476 voluistis,
492 2447 530 2469 re
555 2438 734 2480 praestabo
760 2442 799 2469 ut
824 2437 1039 2481 intelligatis,
1072 2437 1341 2481 quemadmodum
1362 2449 1483 2482 parere
1507 2437 1612 2478 scivi,
1643 2437 1726 2471 item

292 2492 344 2515 me
357 2491 462 2521 nunc,
486 2481 559 2514 Deo
578 2481 722 2525 propitio
734 2506 745 2521 ,
769 2486 863 2515 recte
883 2494 1042 2526 praeesse
1061 2493 1169 2526 posse.
1214 2483 1358 2523 Verum,
1383 2494 1424 2515 ea
1441 2482 1582 2516 caritate
1600 2482 1725 2514 anima-
1760 2481 1764 2485 ’

292 2530 366 2562 ωε,
393 2537 461 2569 qua
478 2529 576 2570 pater
589 2527 728 2559 filiorum
748 2537 859 2560 amans
872 2551 882 2567 ,
905 2527 1001 2559 vobis
1018 2531 1054 2560 ut
1072 2527 1149 2559 filiis
1169 2527 1234 2571 piis
1257 2531 1374 2561 auctor
1392 2539 1481 2568 sum,
1506 2531 1545 2560 ut
1565 2526 1725 2560 desidiam
1755 2529 1763 2558 ,ἐ

293 2570 497 2615 deliciasque
524 2582 567 2604 ne
589 2571 789 2615 respiciatis.
836 2572 1016 2605 Excubare
1037 2573 1225 2615 oportebit,
1255 2573 1416 2616 vigilare,
1448 2583 1546 2605 casus
1568 2580 1727 2616 praemu-
1756 2609 1762 2614 ,

294 2615 365 2648 nita
389 2621 499 2649 mente
529 2617 704 2650 sustinere.
760 2616 840 2649 Non
864 2616 935 2649 sine
966 2616 1128 2660 sanguine
1155 2617 1306 2651 existimo
1335 2629 1404 2651 rem
1428 2616 1645 2650 diiudicatum
1670 2615 1726 2648 iri.
1754 2616 1768 2631 ”

294 2659 383 2692 Nam
409 2671 473 2703 quo
498 2666 550 2694 est
565 2662 672 2705 magis
693 2661 829 2695 arduum
854 2673 994 2694 ascensu
1020 2662 1148 2706 imperii
1167 2663 1355 2706 fastigium,
1379 2673 1419 2695 eo
1438 2661 1577 2705 gravior
1598 2660 1727 2697 invidia
1758 2678 1768 2708 ,ᾗ

298 2708 334 2736 et
357 2706 523 2739 contentio
550 2711 623 2747 est,
646 2718 732 2752 quae
749 2706 789 2739 fit
804 2706 848 2739 de
864 2706 933 2739 ino,
980 2706 1055 2739 Nec
1079 2718 1161 2740 vero
1179 2718 1255 2741 cum
1272 2706 1494 2741 Cretensibus
1517 2717 1604 2740 nunc
1629 2704 1729 2739 vobio
1752 2737 1753 2741 ,

298 2756 465 2783 rel-tumen
476 2775 484 2789 ‚
507 2762 570 2785 nec
585 2762 659 2785 cum
677 2751 815 2797 Scythis
831 2754 867 2785 et
880 2751 1060 2793 Arabibus,
1084 2762 1167 2796 quos
1182 2752 1307 2786 virtute
1322 2756 1436 2786 vestra
1451 2750 1646 2792 devicistis,
1667 2747 1728 2784 nod
1750 2788 1761 2791 fl
