1768 3034
299 142 394 190 140
776 149 975 195 LEONIS
1003 149 1240 194 DIACONI

82 261 119 292 A.
139 261 181 293 M.
199 253 508 311 648οιῗινιχνεῦειν
536 256 631 306 τοὺς
657 260 776 299 τοῦτο
804 255 1046 312 δεδρακότας
1085 256 1243 300 ἐκέλευε.
1295 259 1377 299 τῶν
1408 258 1452 301 δὲ
1479 259 1712 316 πεζεταίρων

124 307 188 339 Ind'
207 307 250 342 15
294 324 390 373 τοὺς
429 324 605 380 δρυμοὺς
640 326 705 366 καὶ
740 324 813 373 τὰς
850 323 1002 377 λόχμας
1043 322 1382 381 καταδραμόντων
1423 329 1599 382 σπουδῇ,
1646 329 1714 368 καὶ

292 392 388 440 τοὺς
423 390 595 439 πελάτας
635 391 804 440 ἐκείνους
835 389 1151 447 συνειληφότων,
1189 393 1243 440 εἰς
1281 390 1375 445 ὄψιν
1413 409 1456 434 τε
1492 394 1712 447 πεπεδημέ-

290 475 384 506 νους
413 455 726 514 παραγαγόντων
751 462 808 514 τῷ
843 462 1024 511 βασιλεῖ,
1062 459 1253 515 αὖθωρὸν
1278 461 1586 511 κατασπαθίζειν
1615 458 1712 502 τού-

289 542 386 574 τους
413 525 687 581 προσέταττεν,
758 525 797 567 οῗ
833 526 896 575 δὲ,
933 526 1057 579 μηδὲν
1083 524 1369 580 μελλήσαντες,
1406 528 1555 583 ’ξίφεσιν
1585 525 1745 582 ἷίρδηνό

290 592 473 645 ε’μέλισαν
505 590 695 640 ἅπαντας.
753 591 844 648 ἄρτι
863 592 907 633 δὲ
933 597 1013 634 τῶν
1034 591 1342 648 στρατευμάτων
1370 593 1409 642 ές
1435 593 1505 635 τὸν
1531 594 1609 650 πρὸ
1637 598 1711 635 τοῦ

289 657 551 714 Δορυστόλου
569 663 702 714 χῶρον
719 657 1008 711 συνελθόντων,
1035 659 1057 701 ὃ
1076 662 1142 701 καὶ
1163 661 1371 716 Δρίστραν
1388 658 1604 715 κικλήσκειν
1622 659 1711 702 εἰώ·

287 731 416 767 θεσαν
428 758 442 778 ,
492 723 784 782 Ταυροσκύθαι
822 727 894 780 μὲν
933 726 1058 781 ἔγχεσι
1096 729 1163 768 καὶ
1191 731 1355 782 θυρεοῖς
1390 727 1464 775 τὰς
1502 726 1709 783 φάλαγγας

246 791 586 844 Οπυκνώσαντες,
623 794 689 834 καὶ
722 791 806 835 οἷον
835 792 1134 848 πυργώσαντες,
1171 793 1265 842 τοὺς
1294 796 1495 846 δυσμενεῖς
1520 794 1631 850 παρὰ
1663 794 1711 835 τὸ

74 867 143 900 Fol.
161 866 227 902 311
250 879 277 901 r.
288 861 521 913 μεταίχμιον
549 859 697 913 ἔμενον.
738 858 956 913 Ῥωμαίους
982 862 1026 902 δὲ
1042 861 1144 902 κατὰ
1159 861 1341 914 μέτωπον
1360 859 1569 910 ἀντιτάξας
1588 860 1609 903 ὃ
1629 866 1709 914 βα-
1722 870 1768 906 1οζ

288 927 439 978 σιλεὺς,
477 928 543 968 καὶ
572 926 666 975 τοὺς
684 925 954 982 πανσιδήρους
978 926 1148 975 ἱππότας
1174 927 1276 969 κατὰ
1295 925 1471 983 θάτερον
1491 929 1607 983 κέρας
1629 945 1710 969 πα-

289 991 610 1050 ραστησάμενος,
647 991 743 1042 τούς
765 1010 805 1035 τε
830 993 998 1043 τοξότας
1016 995 1081 1036 καὶ
1109 992 1379 1050 σφενδονήτας
1398 992 1605 1043 ἐξόπισθεν
1625 996 1710 1035 ἐπι-

288 1059 460 1115 στήσας,
484 1062 550 1102 καὶ
572 1060 730 1114 θαμινὰ
747 1058 908 1114 βάλλειν
930 1059 1263 1116 ἐγκελευσάμενος,
1285 1062 1400 1115 ἐπῆγε
1418 1061 1491 1115 τὴν
1508 1060 1706 1117 φάλαγγα.

388 1137 426 1182 ι’.
466 1143 560 1181 Τῶν
591 1139 635 1181 δὲ
661 1139 941 1194 στρατοπέδων
975 1140 1029 1187 εἰς
1053 1145 1191 1194 χεῖρας
1218 1137 1405 1193 ἀλλήλοις
1432 1140 1708 1195 συναραχθέν-

284 1224 387 1258 των,
426 1208 491 1247 καὶ
512 1208 694 1261 σφοδρᾶς
712 1210 784 1259 τῆς
801 1204 931 1259 μάχης
948 1205 1272 1262 καταρραγείσης,
1293 1206 1486 1259 ἰσοπαλὴς
1507 1207 1618 1262 παρὰ
1635 1207 1708 1256 τὰς
1720 1217 1768 1253 15!

283 1272 448 1328 πρώτας
473 1275 703 1328 προσβολὰς
722 1271 742 1313 ὃ
764 1273 869 1327 ἇγιὺν
887 1273 983 1321 τέως
1011 1274 1051 1314 ἐν
1071 1273 1311 1328 ἀμφοτέροις
1329 1273 1486 1327 ε’γίνετο.
1517 1270 1614 1322 Ῥῶς
1633 1275 1706 1326 μὲν

281 1340 359 1396 γὰρ
379 1337 504 1381 δεινόν
524 1357 600 1381 που
620 1341 685 1381 καὶ
702 1339 880 1393 σχέτλιον
896 1340 1108 1392 τιθέμενοι,
1130 1341 1163 1380 εἰ
1182 1338 1302 1388 δόξαν
1317 1339 1427 1395 παρὰ
1443 1343 1523 1381 τῶν
1540 1342 1705 1396 προσοί-

241 1416 362 1451 Βκων
376 1408 507 1448 ἐθνῶν
526 1406 691 1460 ἔχοντες,
715 1407 756 1447 ἓν
775 1413 862 1454 ταῖς
870 1404 1016 1460 μάχαις
1028 1407 1086 1448 ἀεὶ
1105 1410 1183 1447 τῶν
1200 1404 1426 1448 ἀντιπάλων
1444 1414 1613 1462 κρατεῖν,
1634 1412 1705 1449 νῦν

280 1473 359 1515 ὑπὸ
385 1472 590 1526 Ῥωμαίων
619 1475 794 1528 αἰσχρῶς
820 1471 1060 1527 ἡττηθέντες
1088 1471 1238 1526 ταύτης
1268 1473 1484 1524 ἐκπέσοιεν,
1517 1472 1704 1527 ἐκθύμως

282 1542 571 1595 διηγωνίζοντο.
598 1538 806 1593 Ῥωμαίοις
825 1541 868 1581 δὲ
889 1538 1011 1588 αἰδώς
1028 1557 1088 1588 τις
1106 1538 1223 1595 εἰσῄει
1241 1541 1307 1580 καὶ
1325 1540 1489 1592 νέμεσις,
1512 1542 1546 1581 εἰ
1563 1541 1609 1582 τὸ
1630 1533 1768 1587 ἇν-Ξοξ

280 1609 414 1657 τι”ς“ουν
435 1606 541 1648 ἅπαν
571 1605 706 1655 ὅπλοις
729 1609 794 1647 καὶ
832 1611 882 1662 τῇ
919 1611 1033 1662 σφῶν
1063 1607 1183 1662 ἀρετῇ
1210 1605 1596 1662 καταστρεφόμενοι,
1633 1612 1704 1649 νῦν

281 1674 516 1726 ἀπέλθοιεν,
553 1674 662 1729 παρὰ
697 1675 1014 1728 πεζομαχοῦντος
1044 1672 1212 1724 ἔθνους,
1250 1671 1490 1724 ἱππάζεσθαι
1517 1671 1704 1727 μηδόλως

280 1739 453 1793 εἰδότος,
490 1741 851 1795 καταγωνισθέντες
859 1773 873 1793 ,
897 1740 950 1790 ὥς
968 1757 1067 1790 τινες
1084 1739 1207 1796 ἔργων
1225 1738 1357 1794 μάχης
1376 1738 1615 1795 ἀνάσκητοι,
1637 1743 1704 1783 καὶ

367 1848 403 1883 7.
433 1848 623 1892 Δρῆστραν
646 1847 732 1891 (sic)
754 1847 830 1881 cod.

280 1935 448 1975 sustinuit,
472 1935 713 1980 deploratoque
730 1936 850 1971 civium
866 1936 1004 1970 interitu
1022 1947 1235 1981 percussores
1249 1935 1446 1979 investigari
1461 1935 1569 1969 iussit.
1614 1935 1702 1980 Spe·

279 1981 447 2014 culatores
459 1981 561 2014 silvas
576 1982 771 2027 dumetaque
781 1983 961 2025 diligenter
972 1982 1122 2022 scrutati,
1140 1992 1354 2024 aggressores
1363 1981 1437 2013 illos
1448 1980 1701 2024 comprehensos

279 2036 322 2058 ac
343 2025 474 2058 vinctos
496 2025 531 2058 in
560 2032 775 2070 conspectum
789 2027 1003 2071 Imperatoris
1018 2026 1223 2069 producunt3
1243 2030 1279 2058 at
1299 2025 1355 2057 ille
1373 2025 1537 2068 evestigio
1555 2025 1699 2058 interfici

278 2080 339 2103 eos
356 2069 465 2102 iussit.
516 2070 570 2103 Ita
593 2071 818 2114 speculatores
833 2071 974 2115 impigre
997 2071 1159 2104 districtis
1176 2070 1296 2113 gladiis
1317 2069 1359 2103 ad
1378 2080 1475 2102 unum
1492 2080 1603 2102 omnes
1619 2081 1699 2102 con-

279 2114 446 2148 ciderunt.
475 2114 557 2148 Cum
572 2115 606 2148 in
623 2127 735 2160 campo
748 2121 825 2149 ante
834 2115 1058 2160 Dorystolum,
1069 2115 1156 2159 quod
1170 2115 1248 2148 item
1256 2114 1420 2147 Dristram
1432 2115 1602 2158 appellare
1618 2125 1699 2147 con-

278 2163 438 2199 suerunt,
458 2159 523 2192 iam
550 2161 686 2204 propius
704 2162 858 2194 abessent
878 2160 1061 2200 exercitus,
1086 2160 1340 2201 Tauroscythae
1358 2170 1480 2192 cuneos
1496 2170 1571 2191 suos
1592 2159 1697 2191 hastis

277 2203 450 2248 scutisque
479 2204 627 2247 rigentes
645 2206 933 2249 condensatosque
944 2231 953 2246 ‚
976 2204 1059 2238 adeo
1074 2208 1110 2237 ut
1129 2215 1292 2237 murorum
1305 2204 1448 2247 speciem
1462 2204 1640 2243 haberent,
1660 2203 1698 2235 in

277 2248 383 2282 aciem
410 2249 596 2292 explicant:
630 2251 848 2294 opperiuntur
872 2251 995 2283 hostes.
1050 2250 1213 2282 Romanos
1241 2259 1283 2280 ex
1309 2248 1449 2282 adverso
1464 2248 1515 2281 ita
1533 2247 1697 2291 disposuIt

276 2293 474 2337 Imperator,
491 2298 528 2326 ut
547 2295 678 2337 equites
696 2296 928 2339 cataphractos
946 2294 981 2327 in
998 2297 1137 2338 utroque
1155 2304 1257 2326 cornu
1275 2293 1468 2332 collocaret3
1492 2292 1695 2335 sagittarios,

276 2338 476 2378 funditores,
499 2338 571 2372 sine
587 2339 829 2372 intermissione
845 2339 913 2372 tela
930 2338 1092 2372 coniicere
1108 2339 1229 2379 iussos,
1253 2349 1274 2372 a
1290 2344 1385 2382 tergo
1397 2337 1586 2371 subiiceret.
1630 2337 1696 2370 His

277 2382 327 2417 ita
341 2382 531 2417 constitutis
543 2408 554 2424 ‚
579 2383 675 2427 signa
690 2384 807 2417 inferri
821 2384 973 2428 imperat.

367 2440 421 2473 10.
455 2438 634 2472 Exercitus
651 2450 724 2471 cum
749 2450 878 2472 manum
902 2439 1046 2482 undique
1074 2442 1304 2479 consererent,
1335 2437 1504 2471 commisso
1535 2435 1695 2470 acerrime

276 2483 403 2529 praelio
429 2494 450 2516 a
478 2483 583 2527 primo
607 2494 788 2527 congressu
815 2495 920 2528 aequo
947 2484 1058 2516 Marte
1084 2483 1141 2515 diu
1159 2483 1346 2517 dimicatum
1373 2486 1435 2516 est.
1480 2481 1581 2515 Russi
1597 2480 1693 2520 enim,

277 2528 427 2571 graviter
448 2532 482 2561 et
501 2529 621 2561 acerbe
640 2529 807 2567 ferentes,
830 2530 860 2561 si
885 2529 1034 2567 laudem,
1061 2539 1128 2570 qua
1144 2528 1234 2572 apud
1255 2532 1372 2571 gentes
1388 2526 1544 2560 finitimas
1557 2525 1694 2576 floruist
1740 2529 1745 2533 ⁴

276 2577 368 2613 sent,
391 2576 587 2617 reportatae
600 2584 730 2616 semper
748 2573 785 2605 in
803 2573 939 2616 praeliis
959 2573 1133 2612 victoriae,
1157 2584 1241 2606 nunc
1258 2573 1401 2616 turpiter
1418 2583 1438 2604 a
1452 2570 1610 2604 Romanis
1626 2570 1693 2601 fusi

277 2617 486 2658 amitterent,
509 2629 629 2661 magna
645 2617 852 2651 contentione
867 2629 935 2650 rem
953 2618 1124 2660 gerebant.
1168 2618 1325 2651 Romanis
1339 2621 1454 2650 contra
1474 2613 1692 2658 turpitudinis

278 2662 488 2706 invidiaeque
504 2662 704 2696 verecundia
720 2662 862 2703 subibat,
880 2663 921 2702 si,
941 2662 1141 2695 adversariis
1154 2663 1301 2696 omnibus
1317 2662 1414 2695 armis
1431 2664 1466 2693 et
1478 2659 1603 2692 virtute
1613 2658 1702 2694 sub-.

278 2707 363 2739 actis
375 2731 385 2746 ,
414 2708 449 2740 in
466 2708 655 2751 praesentia
683 2719 704 2741 a
727 2712 829 2751 gente
849 2706 1016 2751 peditibus
1042 2707 1227 2751 praeliante
1239 2732 1250 2748 ‚
1281 2704 1454 2750 equitandi
1471 2707 1579 2737 autem
1596 2713 1693 2736 usum

277 2751 406 2785 omnino
438 2753 558 2786 nullum
590 2753 751 2793 habente,
781 2755 937 2797 tanquam
968 2752 1095 2796 aliquot
1110 2752 1196 2786 bello
1215 2750 1424 2785 inexercitati
1441 2747 1595 2783 tirunculi
1612 2746 1692 2782 victi
