<?xml version="1.0" encoding="UTF-8"?>
<!DOCTYPE html PUBLIC "-//W3C//DTD XHTML 1.0 Transitional//EN"
    "http://www.w3.org/TR/xhtml1/DTD/xhtml1-transitional.dtd">
<html xmlns="http://www.w3.org/1999/xhtml" xml:lang="en" lang="en">
 <head>
  <title>
</title>
<meta http-equiv="Content-Type" content="text/html;charset=utf-8" />
  <meta name='ocr-system' content='tesseract 3.04.00' />
  <meta name='ocr-capabilities' content='ocr_page ocr_carea ocr_par ocr_line ocrx_word'/>
</head>
<body>
  <div class='ocr_page' id='page_1' title='image "./corpusscriptorum33niebuoft_0062.png"; bbox 0 0 1768 3034; ppageno 0'>
   <div class='ocr_carea' id='block_1_1' title="bbox 292 149 1249 200">
    <p class='ocr_par' dir='ltr' id='par_1_1' title="bbox 292 149 1249 200">
     <span class='ocr_line' id='line_1_1' title="bbox 292 149 1249 200; baseline 0.007 -7"><span class='ocrx_word' id='word_1_1' title='bbox 292 149 351 194; x_wconf 87' lang='lat'><strong>18</strong></span> <span class='ocrx_word' id='word_1_2' title='bbox 783 156 984 200; x_wconf 91' lang='lat' dir='ltr'><strong>LEONIS</strong></span> <span class='ocrx_word' id='word_1_3' title='bbox 1012 155 1249 200; x_wconf 89' lang='lat' dir='ltr'><strong>DIACONI</strong></span> 
     </span>
    </p>
   </div>
   <div class='ocr_carea' id='block_1_2' title="bbox 73 261 1768 1445">
    <p class='ocr_par' dir='ltr' id='par_1_2' title="bbox 73 261 1768 1445">
     <span class='ocr_line' id='line_1_2' title="bbox 81 261 1716 323; baseline 0.007 -27"><span class='ocrx_word' id='word_1_4' title='bbox 81 269 115 298; x_wconf 72' lang='grc' dir='ltr'><strong>Α.</strong></span> <span class='ocrx_word' id='word_1_5' title='bbox 136 267 177 298; x_wconf 82' lang='grc' dir='ltr'><strong>Μ.</strong></span> <span class='ocrx_word' id='word_1_6' title='bbox 198 263 285 301; x_wconf 85' lang='grc'>6469</span> <span class='ocrx_word' id='word_1_7' title='bbox 294 263 424 323; x_wconf 69' lang='grc' dir='ltr'><em>πειρίᾳ</em></span> <span class='ocrx_word' id='word_1_8' title='bbox 444 280 486 306; x_wconf 87' lang='grc' dir='ltr'><strong>τε</strong></span> <span class='ocrx_word' id='word_1_9' title='bbox 503 263 686 318; x_wconf 75' lang='grc' dir='ltr'><em>πολέμων</em></span> <span class='ocrx_word' id='word_1_10' title='bbox 709 264 751 306; x_wconf 77' lang='grc' dir='ltr'><strong>ἔκ</strong></span> <span class='ocrx_word' id='word_1_11' title='bbox 770 261 954 320; x_wconf 78' lang='grc' dir='ltr'><em>νεότητος</em></span> <span class='ocrx_word' id='word_1_12' title='bbox 973 261 1160 307; x_wconf 76' lang='grc' dir='ltr'><em>ἁπάντων</em></span> <span class='ocrx_word' id='word_1_13' title='bbox 1179 267 1260 307; x_wconf 86' lang='grc' dir='ltr'><strong>τῶν</strong></span> <span class='ocrx_word' id='word_1_14' title='bbox 1289 263 1498 319; x_wconf 73' lang='grc' dir='ltr'>ὁμοεθνῶν</span> <span class='ocrx_word' id='word_1_15' title='bbox 1517 264 1716 323; x_wconf 76' lang='grc' dir='ltr'><em>ἀδηρίτως</em></span> 
     </span>
     <span class='ocr_line' id='line_1_3' title="bbox 130 311 1718 388; baseline 0.002 -16"><span class='ocrx_word' id='word_1_16' title='bbox 130 313 194 343; x_wconf 81' lang='lat' dir='ltr'><strong>lud.</strong></span> <span class='ocrx_word' id='word_1_17' title='bbox 217 311 240 346; x_wconf 74' lang='lat'><strong>4</strong></span> <span class='ocrx_word' id='word_1_18' title='bbox 292 330 536 387; x_wconf 81' lang='grc' dir='ltr'><em>ὖπερτερῶν,</em></span> <span class='ocrx_word' id='word_1_19' title='bbox 575 332 655 373; x_wconf 74' lang='grc' dir='ltr'><em>ἐπεὶ</em></span> <span class='ocrx_word' id='word_1_20' title='bbox 690 331 762 380; x_wconf 80' lang='grc' dir='ltr'><strong>τὰς</strong></span> <span class='ocrx_word' id='word_1_21' title='bbox 787 330 1007 386; x_wconf 79' lang='grc' dir='ltr'><em>Ῥωμαϊκὰς</em></span> <span class='ocrx_word' id='word_1_22' title='bbox 1040 332 1190 388; x_wconf 80' lang='grc' dir='ltr'><em>ᾔσθετο</em></span> <span class='ocrx_word' id='word_1_23' title='bbox 1232 331 1417 386; x_wconf 82' lang='grc' dir='ltr'><em>δυνάμεις</em></span> <span class='ocrx_word' id='word_1_24' title='bbox 1454 333 1624 375; x_wconf 67' lang='grc' dir='ltr'><em>ἔκπλουν</em></span> <span class='ocrx_word' id='word_1_25' title='bbox 1650 334 1718 375; x_wconf 77' lang='grc' dir='ltr'><em>καὶ</em></span> 
     </span>
     <span class='ocr_line' id='line_1_4' title="bbox 255 397 1715 455; baseline 0.002 -16"><span class='ocrx_word' id='word_1_26' title='bbox 255 406 285 439; x_wconf 88' lang='lat' dir='ltr'>C</span> <span class='ocrx_word' id='word_1_27' title='bbox 296 397 469 453; x_wconf 76' lang='grc' dir='ltr'><em>ἄπαρσιν</em></span> <span class='ocrx_word' id='word_1_28' title='bbox 488 399 724 452; x_wconf 76' lang='grc' dir='ltr'><strong><em>ποιουμένας</em></strong></span> <span class='ocrx_word' id='word_1_29' title='bbox 742 399 845 440; x_wconf 83' lang='grc' dir='ltr'><em>κατὰ</em></span> <span class='ocrx_word' id='word_1_30' title='bbox 863 403 942 441; x_wconf 84' lang='grc' dir='ltr'><strong>τῶν</strong></span> <span class='ocrx_word' id='word_1_31' title='bbox 959 401 1147 455; x_wconf 79' lang='grc' dir='ltr'><em>Κρητῶν,</em></span> <span class='ocrx_word' id='word_1_32' title='bbox 1171 398 1269 454; x_wconf 64' lang='grc' dir='ltr'><em>ἔγνω</em></span> <span class='ocrx_word' id='word_1_33' title='bbox 1285 400 1386 455; x_wconf 82' lang='grc' dir='ltr'><em>πρὸς</em></span> <span class='ocrx_word' id='word_1_34' title='bbox 1404 397 1529 442; x_wconf 82' lang='grc' dir='ltr'><em>αὗτοῦ</em></span> <span class='ocrx_word' id='word_1_35' title='bbox 1547 400 1616 442; x_wconf 86' lang='grc' dir='ltr'><strong>τὸν</strong></span> <span class='ocrx_word' id='word_1_36' title='bbox 1626 417 1715 442; x_wconf 87' lang='grc' dir='ltr'><em>και-</em></span> 
     </span>
     <span class='ocr_line' id='line_1_5' title="bbox 290 463 1759 522; baseline 0.002 -16"><span class='ocrx_word' id='word_1_37' title='bbox 290 466 362 521; x_wconf 80' lang='grc' dir='ltr'><strong>ρὸν</strong></span> <span class='ocrx_word' id='word_1_38' title='bbox 380 463 490 516; x_wconf 75' lang='grc' dir='ltr'><em>εἶναι,</em></span> <span class='ocrx_word' id='word_1_39' title='bbox 513 465 638 514; x_wconf 76' lang='grc' dir='ltr'><em>ἀδεῶς</em></span> <span class='ocrx_word' id='word_1_40' title='bbox 655 483 695 507; x_wconf 82' lang='grc' dir='ltr'><strong>τε</strong></span> <span class='ocrx_word' id='word_1_41' title='bbox 714 470 785 519; x_wconf 75' lang='grc' dir='ltr'><em>τῆς</em></span> <span class='ocrx_word' id='word_1_42' title='bbox 803 466 1000 519; x_wconf 78' lang='grc' dir='ltr'><strong>ἀνατολῆς</strong></span> <span class='ocrx_word' id='word_1_43' title='bbox 1019 468 1301 522; x_wconf 78' lang='grc' dir='ltr'><em>καταδραμεῖν,</em></span> <span class='ocrx_word' id='word_1_44' title='bbox 1316 464 1466 508; x_wconf 73' lang='grc' dir='ltr'><em>ὁπόσον</em></span> <span class='ocrx_word' id='word_1_45' title='bbox 1482 464 1715 522; x_wconf 78' lang='grc' dir='ltr'><em>ἦῬωμαΐκῆ</em></span> <span class='ocrx_word' id='word_1_46' title='bbox 1756 491 1759 494; x_wconf 92' lang='grc'>-</span> 
     </span>
     <span class='ocr_line' id='line_1_6' title="bbox 290 531 1739 590; baseline 0.001 -16"><span class='ocrx_word' id='word_1_47' title='bbox 290 533 410 574; x_wconf 76' lang='grc' dir='ltr'><em>διέπει</em></span> <span class='ocrx_word' id='word_1_48' title='bbox 430 531 546 587; x_wconf 80' lang='grc' dir='ltr'><em>ἀρχὴ,</em></span> <span class='ocrx_word' id='word_1_49' title='bbox 569 534 634 574; x_wconf 83' lang='grc' dir='ltr'><em>καὶ</em></span> <span class='ocrx_word' id='word_1_50' title='bbox 653 537 770 574; x_wconf 82' lang='grc' dir='ltr'><em>τοῦτο</em></span> <span class='ocrx_word' id='word_1_51' title='bbox 790 536 1011 586; x_wconf 77' lang='grc' dir='ltr'><em>λη’ίσασθαι</em></span> <span class='ocrx_word' id='word_1_52' title='bbox 1034 532 1241 586; x_wconf 75' lang='grc' dir='ltr'><em>ἀναιμωτὶ,</em></span> <span class='ocrx_word' id='word_1_53' title='bbox 1265 535 1331 575; x_wconf 83' lang='grc' dir='ltr'><em>καὶ</em></span> <span class='ocrx_word' id='word_1_54' title='bbox 1349 537 1523 576; x_wconf 79' lang='grc' dir='ltr'><em>πλοῦτον</em></span> <span class='ocrx_word' id='word_1_55' title='bbox 1535 540 1739 590; x_wconf 81' lang='grc' dir='ltr'><em>συναγεῒ-5</em></span> 
     </span>
     <span class='ocr_line' id='line_1_7' title="bbox 290 599 1715 656; baseline 0.004 -17"><span class='ocrx_word' id='word_1_56' title='bbox 290 616 358 655; x_wconf 89' lang='grc' dir='ltr'><strong>ραι</strong></span> <span class='ocrx_word' id='word_1_57' title='bbox 377 603 584 650; x_wconf 80' lang='grc' dir='ltr'><em>πλεῖστον,</em></span> <span class='ocrx_word' id='word_1_58' title='bbox 617 601 683 640; x_wconf 83' lang='grc' dir='ltr'><em>καὶ</em></span> <span class='ocrx_word' id='word_1_59' title='bbox 709 599 820 648; x_wconf 82' lang='grc' dir='ltr'><strong><em>κλέος</em></strong></span> <span class='ocrx_word' id='word_1_60' title='bbox 848 599 1087 654; x_wconf 76' lang='grc' dir='ltr'><em>ἀείμνηστον</em></span> <span class='ocrx_word' id='word_1_61' title='bbox 1106 600 1412 656; x_wconf 77' lang='grc' dir='ltr'><em>ἀπενέγκασθαι.</em></span> <span class='ocrx_word' id='word_1_62' title='bbox 1460 603 1527 643; x_wconf 79' lang='grc' dir='ltr'><em>καὶ</em></span> <span class='ocrx_word' id='word_1_63' title='bbox 1546 603 1650 656; x_wconf 78' lang='grc' dir='ltr'><em>δῆτα</em></span> <span class='ocrx_word' id='word_1_64' title='bbox 1668 602 1715 644; x_wconf 79' lang='grc' dir='ltr'><em>τὸ</em></span> 
     </span>
     <span class='ocr_line' id='line_1_8' title="bbox 289 665 1716 724; baseline 0.002 -16"><span class='ocrx_word' id='word_1_65' title='bbox 289 665 460 719; x_wconf 78' lang='grc' dir='ltr'><strong>ἀκμαῖον</strong></span> <span class='ocrx_word' id='word_1_66' title='bbox 478 668 543 707; x_wconf 84' lang='grc' dir='ltr'><em>καὶ</em></span> <span class='ocrx_word' id='word_1_67' title='bbox 557 665 732 708; x_wconf 82' lang='grc' dir='ltr'><em>νεανικὸν</em></span> <span class='ocrx_word' id='word_1_68' title='bbox 744 671 824 708; x_wconf 85' lang='grc' dir='ltr'><strong>τῶν</strong></span> <span class='ocrx_word' id='word_1_69' title='bbox 835 665 1018 723; x_wconf 82' lang='grc' dir='ltr'><em>Ἀράβων</em></span> <span class='ocrx_word' id='word_1_70' title='bbox 1039 669 1104 708; x_wconf 83' lang='grc' dir='ltr'><em>καὶ</em></span> <span class='ocrx_word' id='word_1_71' title='bbox 1118 667 1348 724; x_wconf 78' lang='grc' dir='ltr'><em>Ἀγαρηνῶν</em></span> <span class='ocrx_word' id='word_1_72' title='bbox 1368 670 1598 721; x_wconf 81' lang='grc' dir='ltr'><em>συναλίσας,</em></span> <span class='ocrx_word' id='word_1_73' title='bbox 1611 669 1716 711; x_wconf 74' lang='grc' dir='ltr'><em>κατὰ</em></span> 
     </span>
     <span class='ocr_line' id='line_1_9' title="bbox 287 731 1766 792; baseline 0.003 -18"><span class='ocrx_word' id='word_1_74' title='bbox 287 737 360 787; x_wconf 76' lang='grc' dir='ltr'><strong>τῆς</strong></span> <span class='ocrx_word' id='word_1_75' title='bbox 366 731 585 786; x_wconf 81' lang='grc' dir='ltr'><em>Ῥωμαϊκῆς</em></span> <span class='ocrx_word' id='word_1_76' title='bbox 596 734 841 789; x_wconf 71' lang='grc' dir='ltr'><em>ἐπικρατείας</em></span> <span class='ocrx_word' id='word_1_77' title='bbox 852 735 869 774; x_wconf 79' lang='grc' dir='ltr'><em>ἒ</em></span> <span class='ocrx_word' id='word_1_78' title='bbox 865 731 999 790; x_wconf 75' lang='grc' dir='ltr'><em>χώρει,</em></span> <span class='ocrx_word' id='word_1_79' title='bbox 1020 738 1101 776; x_wconf 79' lang='grc' dir='ltr'><strong>πᾶν</strong></span> <span class='ocrx_word' id='word_1_80' title='bbox 1111 734 1155 777; x_wconf 85' lang='grc' dir='ltr'><em>τὸ</em></span> <span class='ocrx_word' id='word_1_81' title='bbox 1167 736 1423 791; x_wconf 81' lang='grc' dir='ltr'><em>παραπίπτον</em></span> <span class='ocrx_word' id='word_1_82' title='bbox 1434 741 1715 792; x_wconf 80' lang='grc' dir='ltr'><em>κατεμπιπρῶν</em></span> <span class='ocrx_word' id='word_1_83' title='bbox 1762 777 1766 785; x_wconf 86' lang='grc'><em>,</em></span> 
     </span>
     <span class='ocr_line' id='line_1_10' title="bbox 287 798 1747 860; baseline 0.004 -20"><span class='ocrx_word' id='word_1_84' title='bbox 287 801 352 840; x_wconf 84' lang='grc' dir='ltr'><em>καὶ</em></span> <span class='ocrx_word' id='word_1_85' title='bbox 364 802 472 841; x_wconf 85' lang='grc' dir='ltr'><em>λείαν</em></span> <span class='ocrx_word' id='word_1_86' title='bbox 491 801 708 853; x_wconf 71' lang='grc' dir='ltr'><em>τιθέμενος.</em></span> <span class='ocrx_word' id='word_1_87' title='bbox 748 798 768 841; x_wconf 86' lang='grc' dir='ltr'>ὁ</span> <span class='ocrx_word' id='word_1_88' title='bbox 791 802 834 842; x_wconf 74' lang='grc' dir='ltr'><strong>δὲ</strong></span> <span class='ocrx_word' id='word_1_89' title='bbox 854 799 1335 857; x_wconf 81' lang='grc' dir='ltr'><em>αὖτοκράτωρῬωμανός,</em></span> <span class='ocrx_word' id='word_1_90' title='bbox 1361 803 1435 857; x_wconf 82' lang='grc' dir='ltr'><strong>τὴν</strong></span> <span class='ocrx_word' id='word_1_91' title='bbox 1451 802 1599 860; x_wconf 66' lang='grc' dir='ltr'><em>ἔφοδον</em></span> <span class='ocrx_word' id='word_1_92' title='bbox 1616 802 1713 845; x_wconf 82' lang='grc' dir='ltr'><em>τού-</em></span> <span class='ocrx_word' id='word_1_93' title='bbox 1744 798 1747 800; x_wconf 66' lang='lat'>‚</span> 
     </span>
     <span class='ocr_line' id='line_1_11' title="bbox 246 864 1768 926; baseline 0.003 -20"><span class='ocrx_word' id='word_1_94' title='bbox 246 871 358 908; x_wconf 81' lang='lat' dir='ltr'><strong>Dwv</strong></span> <span class='ocrx_word' id='word_1_95' title='bbox 379 865 622 919; x_wconf 81' lang='grc' dir='ltr'><em>αῗσθόμενος</em></span> <span class='ocrx_word' id='word_1_96' title='bbox 640 868 706 909; x_wconf 79' lang='grc' dir='ltr'><em>καὶ</em></span> <span class='ocrx_word' id='word_1_97' title='bbox 727 867 799 922; x_wconf 81' lang='grc' dir='ltr'><strong>τὴν</strong></span> <span class='ocrx_word' id='word_1_98' title='bbox 816 867 1021 924; x_wconf 74' lang='grc' dir='ltr'><em>ὕπαιθρον</em></span> <span class='ocrx_word' id='word_1_99' title='bbox 1039 871 1104 910; x_wconf 79' lang='grc' dir='ltr'><em>καὶ</em></span> <span class='ocrx_word' id='word_1_100' title='bbox 1119 864 1259 922; x_wconf 75' lang='grc' dir='ltr'><em>βιαίαν</em></span> <span class='ocrx_word' id='word_1_101' title='bbox 1277 871 1551 926; x_wconf 74' lang='grc' dir='ltr'><em>καταδρομὴν,</em></span> <span class='ocrx_word' id='word_1_102' title='bbox 1570 871 1709 913; x_wconf 78' lang='grc' dir='ltr'><em>Λέον-</em></span> <span class='ocrx_word' id='word_1_103' title='bbox 1724 876 1768 911; x_wconf 82' lang='grc'><strong>10</strong></span> 
     </span>
     <span class='ocr_line' id='line_1_12' title="bbox 73 932 1714 993; baseline 0.005 -22"><span class='ocrx_word' id='word_1_104' title='bbox 73 941 140 973; x_wconf 77' lang='lat' dir='ltr'><strong>Ful.</strong></span> <span class='ocrx_word' id='word_1_105' title='bbox 159 940 229 976; x_wconf 77' lang='lat'><strong>276</strong></span> <span class='ocrx_word' id='word_1_106' title='bbox 249 951 278 974; x_wconf 81' lang='lat' dir='ltr'><strong>v.</strong></span> <span class='ocrx_word' id='word_1_107' title='bbox 289 950 341 975; x_wconf 88' lang='grc' dir='ltr'><strong>τα</strong></span> <span class='ocrx_word' id='word_1_108' title='bbox 374 933 445 975; x_wconf 83' lang='grc' dir='ltr'><strong>τὸν</strong></span> <span class='ocrx_word' id='word_1_109' title='bbox 483 937 654 986; x_wconf 81' lang='grc' dir='ltr'><em>Φωκᾶν,</em></span> <span class='ocrx_word' id='word_1_110' title='bbox 692 932 892 988; x_wconf 74' lang='grc' dir='ltr'><em>ὁμαίμονα</em></span> <span class='ocrx_word' id='word_1_111' title='bbox 922 940 994 977; x_wconf 80' lang='grc' dir='ltr'><em>τοῦ</em></span> <span class='ocrx_word' id='word_1_112' title='bbox 1021 934 1259 993; x_wconf 79' lang='grc' dir='ltr'><em>Νικηφόρον</em></span> <span class='ocrx_word' id='word_1_113' title='bbox 1287 940 1499 990; x_wconf 73' lang='grc' dir='ltr'><em>τελοῦντα,</em></span> <span class='ocrx_word' id='word_1_114' title='bbox 1537 940 1604 979; x_wconf 81' lang='grc' dir='ltr'><em>καὶ</em></span> <span class='ocrx_word' id='word_1_115' title='bbox 1633 943 1714 980; x_wconf 83' lang='grc' dir='ltr'><strong>τῶν</strong></span> 
     </span>
     <span class='ocr_line' id='line_1_13' title="bbox 284 999 1713 1061; baseline 0.003 -18"><span class='ocrx_word' id='word_1_116' title='bbox 284 1005 358 1054; x_wconf 80' lang='grc' dir='ltr'><em>τῆς</em></span> <span class='ocrx_word' id='word_1_117' title='bbox 381 999 578 1056; x_wconf 70' lang='grc' dir='ltr'><em>Εὐρώπης</em></span> <span class='ocrx_word' id='word_1_118' title='bbox 606 1007 901 1057; x_wconf 85' lang='grc' dir='ltr'><em>στρατιωτικῶν</em></span> <span class='ocrx_word' id='word_1_119' title='bbox 920 1001 1152 1058; x_wconf 82' lang='grc' dir='ltr'><em>καταλόγων</em></span> <span class='ocrx_word' id='word_1_120' title='bbox 1170 1002 1423 1060; x_wconf 80' lang='grc' dir='ltr'><em>κατάρχοντα</em></span> <span class='ocrx_word' id='word_1_121' title='bbox 1443 1003 1713 1061; x_wconf 80' lang='grc' dir='ltr'><em>(Δομέστικον</em></span> 
     </span>
     <span class='ocr_line' id='line_1_14' title="bbox 286 1066 1712 1130; baseline 0.004 -22"><span class='ocrx_word' id='word_1_122' title='bbox 286 1066 436 1116; x_wconf 75' lang='grc' dir='ltr'><em>δύσεως</em></span> <span class='ocrx_word' id='word_1_123' title='bbox 451 1066 637 1121; x_wconf 76' lang='grc' dir='ltr'><em>Ῥωμαῖοι</em></span> <span class='ocrx_word' id='word_1_124' title='bbox 656 1068 728 1123; x_wconf 78' lang='grc' dir='ltr'><strong>τὴν</strong></span> <span class='ocrx_word' id='word_1_125' title='bbox 747 1068 934 1124; x_wconf 81' lang='grc' dir='ltr'><em>τοιαύτην</em></span> <span class='ocrx_word' id='word_1_126' title='bbox 954 1069 1079 1125; x_wconf 81' lang='grc' dir='ltr'><em>ἀρχὴν</em></span> <span class='ocrx_word' id='word_1_127' title='bbox 1106 1070 1362 1130; x_wconf 80' lang='grc' dir='ltr'><em>ὀνομάζουσι)</em></span> <span class='ocrx_word' id='word_1_128' title='bbox 1372 1103 1386 1123; x_wconf 98' lang='grc'><em>,</em></span> <span class='ocrx_word' id='word_1_129' title='bbox 1423 1076 1481 1129; x_wconf 79' lang='grc' dir='ltr'><em>τῷ</em></span> <span class='ocrx_word' id='word_1_130' title='bbox 1502 1074 1712 1126; x_wconf 79' lang='grc' dir='ltr'><em>Χαμβδᾶν</em></span> 
     </span>
     <span class='ocr_line' id='line_1_15' title="bbox 285 1132 1710 1194; baseline 0.004 -19"><span class='ocrx_word' id='word_1_131' title='bbox 285 1134 468 1184; x_wconf 79' lang='grc' dir='ltr'><em>ἀντίξουν</em></span> <span class='ocrx_word' id='word_1_132' title='bbox 486 1135 667 1189; x_wconf 76' lang='grc' dir='ltr'><em>ἐκπέμπει</em></span> <span class='ocrx_word' id='word_1_133' title='bbox 680 1148 690 1157; x_wconf 79' lang='grc'><strong>”</strong></span> <span class='ocrx_word' id='word_1_134' title='bbox 720 1135 849 1192; x_wconf 74' lang='grc' dir='ltr'><em>ἄνδρα</em></span> <span class='ocrx_word' id='word_1_135' title='bbox 869 1143 1046 1191; x_wconf 73' lang='grc' dir='ltr'><em>γενναῖον</em></span> <span class='ocrx_word' id='word_1_136' title='bbox 1066 1138 1132 1178; x_wconf 83' lang='grc' dir='ltr'><em>καὶ</em></span> <span class='ocrx_word' id='word_1_137' title='bbox 1150 1132 1338 1189; x_wconf 80' lang='grc' dir='ltr'><em>νεανικὸν,</em></span> <span class='ocrx_word' id='word_1_138' title='bbox 1361 1137 1538 1194; x_wconf 78' lang='grc' dir='ltr'><em>φρενήρη</em></span> <span class='ocrx_word' id='word_1_139' title='bbox 1558 1155 1600 1180; x_wconf 87' lang='grc' dir='ltr'><strong>τε</strong></span> <span class='ocrx_word' id='word_1_140' title='bbox 1619 1141 1710 1181; x_wconf 79' lang='grc' dir='ltr'><em>δια-</em></span> 
     </span>
     <span class='ocr_line' id='line_1_16' title="bbox 284 1200 1768 1260; baseline 0.003 -18"><span class='ocrx_word' id='word_1_141' title='bbox 284 1200 507 1257; x_wconf 83' lang='grc' dir='ltr'><em>φερόντως,</em></span> <span class='ocrx_word' id='word_1_142' title='bbox 546 1204 611 1243; x_wconf 79' lang='grc' dir='ltr'><em>καὶ</em></span> <span class='ocrx_word' id='word_1_143' title='bbox 633 1202 678 1244; x_wconf 82' lang='grc' dir='ltr'><em>τὸ</em></span> <span class='ocrx_word' id='word_1_144' title='bbox 699 1205 880 1252; x_wconf 78' lang='grc' dir='ltr'><em>ξυνοῖσον</em></span> <span class='ocrx_word' id='word_1_145' title='bbox 899 1205 941 1244; x_wconf 78' lang='grc' dir='ltr'><em>ἕν</em></span> <span class='ocrx_word' id='word_1_146' title='bbox 969 1202 1243 1260; x_wconf 80' lang='grc' dir='ltr'><em>περιστάσεσιν</em></span> <span class='ocrx_word' id='word_1_147' title='bbox 1272 1202 1578 1259; x_wconf 72' lang='grc' dir='ltr'><em>ἐπιφράσασθαι</em></span> <span class='ocrx_word' id='word_1_148' title='bbox 1604 1204 1768 1257; x_wconf 66' lang='grc' dir='ltr'><em>πάν-15</em></span> 
     </span>
     <span class='ocr_line' id='line_1_17' title="bbox 282 1263 1710 1326; baseline 0.004 -17"><span class='ocrx_word' id='word_1_149' title='bbox 282 1284 387 1320; x_wconf 88' lang='grc' dir='ltr'><em>των,</em></span> <span class='ocrx_word' id='word_1_150' title='bbox 428 1263 483 1310; x_wconf 77' lang='grc' dir='ltr'><em>ὧν</em></span> <span class='ocrx_word' id='word_1_151' title='bbox 510 1268 643 1321; x_wconf 74' lang='grc' dir='ltr'><em>ἴσμεν,</em></span> <span class='ocrx_word' id='word_1_152' title='bbox 682 1269 978 1323; x_wconf 74' lang='grc' dir='ltr'><em>ἐπιβολώτατον</em></span> <span class='ocrx_word' id='word_1_153' title='bbox 991 1283 1000 1294; x_wconf 88' lang='grc'><em>·</em></span> <span class='ocrx_word' id='word_1_154' title='bbox 1037 1265 1070 1326; x_wconf 81' lang='grc' dir='ltr'><em>ᾧ</em></span> <span class='ocrx_word' id='word_1_155' title='bbox 1098 1272 1194 1312; x_wconf 85' lang='grc' dir='ltr'><em>θεία</em></span> <span class='ocrx_word' id='word_1_156' title='bbox 1221 1287 1303 1322; x_wconf 89' lang='grc' dir='ltr'><em>τις,</em></span> <span class='ocrx_word' id='word_1_157' title='bbox 1340 1269 1452 1324; x_wconf 74' lang='grc' dir='ltr'><em>οἶμαι</em></span> <span class='ocrx_word' id='word_1_158' title='bbox 1460 1302 1474 1323; x_wconf 89' lang='grc'><em>,</em></span> <span class='ocrx_word' id='word_1_159' title='bbox 1512 1272 1616 1313; x_wconf 81' lang='grc' dir='ltr'><em>κατὰ</em></span> <span class='ocrx_word' id='word_1_160' title='bbox 1635 1273 1710 1322; x_wconf 83' lang='grc' dir='ltr'><strong>τὰς</strong></span> 
     </span>
     <span class='ocr_line' id='line_1_18' title="bbox 280 1333 1709 1402; baseline 0.004 -27"><span class='ocrx_word' id='word_1_161' title='bbox 280 1333 414 1388; x_wconf 88' lang='grc' dir='ltr'><em>μάχας</em></span> <span class='ocrx_word' id='word_1_162' title='bbox 434 1334 640 1389; x_wconf 85' lang='grc' dir='ltr'><em>συνεμάχει</em></span> <span class='ocrx_word' id='word_1_163' title='bbox 659 1335 786 1391; x_wconf 81' lang='grc' dir='ltr'><em>ῥοπὴ,</em></span> <span class='ocrx_word' id='word_1_164' title='bbox 825 1336 933 1378; x_wconf 79' lang='grc' dir='ltr'><em>ἅπαν</em></span> <span class='ocrx_word' id='word_1_165' title='bbox 960 1335 1007 1378; x_wconf 80' lang='grc' dir='ltr'><em>τὸ</em></span> <span class='ocrx_word' id='word_1_166' title='bbox 1034 1335 1251 1379; x_wconf 77' lang='grc' dir='ltr'><em>ἀντίπαλον</em></span> <span class='ocrx_word' id='word_1_167' title='bbox 1268 1339 1621 1395; x_wconf 78' lang='grc' dir='ltr'><em>καταστρεφομένη</em></span> <span class='ocrx_word' id='word_1_168' title='bbox 1636 1341 1709 1402; x_wconf 54' lang='grc' dir='ltr'><strong>γκαὶ</strong></span> 
     </span>
     <span class='ocr_line' id='line_1_19' title="bbox 281 1400 1639 1445; baseline 0.004 -3"><span class='ocrx_word' id='word_1_169' title='bbox 281 1406 440 1444; x_wconf 78' lang='grc' dir='ltr'><em>τιθεῖσα</em></span> <span class='ocrx_word' id='word_1_170' title='bbox 459 1400 724 1445; x_wconf 71' lang='grc' dir='ltr'><em>ὑπόσπονδον.</em></span> <span class='ocrx_word' id='word_1_171' title='bbox 1638 1404 1639 1409; x_wconf 60' lang='grc'>’</span> 
     </span>
    </p>
   </div>
   <div class='ocr_carea' id='block_1_3' title="bbox 155 1487 1768 1822">
    <p class='ocr_par' dir='ltr' id='par_1_3' title="bbox 155 1487 1768 1822">
     <span class='ocr_line' id='line_1_20' title="bbox 155 1487 1707 1552; baseline 0.012 -30"><span class='ocrx_word' id='word_1_172' title='bbox 155 1489 194 1522; x_wconf 83' lang='grc' dir='ltr'><strong>Ρ.</strong></span> <span class='ocrx_word' id='word_1_173' title='bbox 220 1490 262 1525; x_wconf 88' lang='grc'><strong>11</strong></span> <span class='ocrx_word' id='word_1_174' title='bbox 379 1487 438 1543; x_wconf 67' lang='grc' dir='ltr'><strong>β’.</strong></span> <span class='ocrx_word' id='word_1_175' title='bbox 475 1493 649 1534; x_wconf 83' lang='grc' dir='ltr'><em>Πολλῶν</em></span> <span class='ocrx_word' id='word_1_176' title='bbox 675 1491 753 1547; x_wconf 72' lang='grc' dir='ltr'><em>γὰρ</em></span> <span class='ocrx_word' id='word_1_177' title='bbox 783 1490 894 1549; x_wconf 78' lang='grc' dir='ltr'><em>αὐτῷ</em></span> <span class='ocrx_word' id='word_1_178' title='bbox 921 1490 1196 1549; x_wconf 65' lang='grc' dir='ltr'><em>συρραγέντων</em></span> <span class='ocrx_word' id='word_1_179' title='bbox 1216 1493 1399 1548; x_wconf 73' lang='grc' dir='ltr'><em>πολέμων</em></span> <span class='ocrx_word' id='word_1_180' title='bbox 1415 1495 1527 1552; x_wconf 74' lang='grc' dir='ltr'><em>παρὰ</em></span> <span class='ocrx_word' id='word_1_181' title='bbox 1545 1494 1616 1539; x_wconf 81' lang='grc' dir='ltr'><strong>τὸν</strong></span> <span class='ocrx_word' id='word_1_182' title='bbox 1635 1499 1707 1551; x_wconf 80' lang='grc' dir='ltr'><em>τῆς</em></span> 
     </span>
     <span class='ocr_line' id='line_1_21' title="bbox 279 1558 1768 1618; baseline 0.005 -20"><span class='ocrx_word' id='word_1_183' title='bbox 279 1559 522 1612; x_wconf 74' lang='grc' dir='ltr'><em>στρατηγίας</em></span> <span class='ocrx_word' id='word_1_184' title='bbox 540 1558 691 1614; x_wconf 86' lang='grc' dir='ltr'><em>καιρὸν,</em></span> <span class='ocrx_word' id='word_1_185' title='bbox 714 1558 901 1600; x_wconf 78' lang='grc' dir='ltr'><em>οὐδέποτε</em></span> <span class='ocrx_word' id='word_1_186' title='bbox 918 1564 991 1601; x_wconf 83' lang='grc' dir='ltr'><em>τοῦ</em></span> <span class='ocrx_word' id='word_1_187' title='bbox 1011 1559 1396 1615; x_wconf 78' lang='grc' dir='ltr'><em>ἀντικαθισταμένου</em></span> <span class='ocrx_word' id='word_1_188' title='bbox 1416 1562 1577 1618; x_wconf 80' lang='grc' dir='ltr'><em>ἀπῆλθε</em></span> <span class='ocrx_word' id='word_1_189' title='bbox 1592 1560 1704 1616; x_wconf 60' lang='grc' dir='ltr'><em>μειοέ</em></span> <span class='ocrx_word' id='word_1_190' title='bbox 1713 1565 1768 1615; x_wconf 94' lang='grc' dir='ltr'><strong><em>Ἀ</em></strong></span> 
     </span>
     <span class='ocr_line' id='line_1_22' title="bbox 278 1625 1768 1687; baseline 0.005 -22"><span class='ocrx_word' id='word_1_191' title='bbox 278 1628 445 1675; x_wconf 77' lang='grc' dir='ltr'><em>νεκτῶν,</em></span> <span class='ocrx_word' id='word_1_192' title='bbox 485 1625 577 1666; x_wconf 79' lang='grc' dir='ltr'><em>ἀλλ’</em></span> <span class='ocrx_word' id='word_1_193' title='bbox 598 1626 722 1668; x_wconf 81' lang='grc' dir='ltr'><em>ἀεὶτὸ</em></span> <span class='ocrx_word' id='word_1_194' title='bbox 743 1626 861 1667; x_wconf 77' lang='grc' dir='ltr'><em>πλέον</em></span> <span class='ocrx_word' id='word_1_195' title='bbox 882 1628 953 1680; x_wconf 76' lang='grc' dir='ltr'><em>τῆς</em></span> <span class='ocrx_word' id='word_1_196' title='bbox 971 1627 1080 1681; x_wconf 85' lang='grc' dir='ltr'><em>νίκης</em></span> <span class='ocrx_word' id='word_1_197' title='bbox 1108 1626 1417 1685; x_wconf 79' lang='grc' dir='ltr'><em>ἀποφερόμενος.</em></span> <span class='ocrx_word' id='word_1_198' title='bbox 1463 1634 1522 1687; x_wconf 76' lang='grc' dir='ltr'><em>τῷ</em></span> <span class='ocrx_word' id='word_1_199' title='bbox 1549 1647 1612 1672; x_wconf 87' lang='grc' dir='ltr'><strong>τοι</strong></span> <span class='ocrx_word' id='word_1_200' title='bbox 1639 1632 1708 1672; x_wconf 75' lang='grc' dir='ltr'><em>καὶ</em></span> <span class='ocrx_word' id='word_1_201' title='bbox 1762 1632 1768 1667; x_wconf 67' lang='lat'><strong>²:</strong></span> 
     </span>
     <span class='ocr_line' id='line_1_23' title="bbox 280 1692 1706 1751; baseline 0.006 -20"><span class='ocrx_word' id='word_1_202' title='bbox 280 1694 486 1744; x_wconf 81' lang='grc' dir='ltr'><em>Σκυθικῆς</em></span> <span class='ocrx_word' id='word_1_203' title='bbox 505 1697 695 1748; x_wconf 81' lang='grc' dir='ltr'><em>στρατιᾶς</em></span> <span class='ocrx_word' id='word_1_204' title='bbox 714 1692 783 1734; x_wconf 84' lang='grc' dir='ltr'><strong>τὸν</strong></span> <span class='ocrx_word' id='word_1_205' title='bbox 793 1692 951 1749; x_wconf 82' lang='grc' dir='ltr'><em>Ἴστρον</em></span> <span class='ocrx_word' id='word_1_206' title='bbox 973 1697 1265 1751; x_wconf 85' lang='grc' dir='ltr'><em>περαιωθείσης</em></span> <span class='ocrx_word' id='word_1_207' title='bbox 1282 1696 1329 1738; x_wconf 81' lang='grc' dir='ltr'><em>τὸ</em></span> <span class='ocrx_word' id='word_1_208' title='bbox 1358 1695 1444 1738; x_wconf 76' lang='grc' dir='ltr'><em>κατ’</em></span> <span class='ocrx_word' id='word_1_209' title='bbox 1467 1697 1586 1739; x_wconf 75' lang='grc' dir='ltr'><em>ἐκεῖνο</em></span> <span class='ocrx_word' id='word_1_210' title='bbox 1614 1714 1706 1739; x_wconf 84' lang='grc' dir='ltr'><em>και-</em></span> 
     </span>
     <span class='ocr_line' id='line_1_24' title="bbox 280 1757 1768 1822; baseline 0.005 -24"><span class='ocrx_word' id='word_1_211' title='bbox 280 1762 353 1812; x_wconf 83' lang='grc' dir='ltr'><strong><em>ροῦ</em></strong></span> <span class='ocrx_word' id='word_1_212' title='bbox 382 1757 583 1811; x_wconf 76' lang='grc' dir='ltr'><em>(Οῧννους</em></span> <span class='ocrx_word' id='word_1_213' title='bbox 613 1759 660 1802; x_wconf 83' lang='grc' dir='ltr'><em>τὸ</em></span> <span class='ocrx_word' id='word_1_214' title='bbox 688 1758 807 1809; x_wconf 67' lang='grc' dir='ltr'><em>ἔθνος</em></span> <span class='ocrx_word' id='word_1_215' title='bbox 835 1759 1216 1820; x_wconf 84' lang='grc' dir='ltr'><em>κατονομάζουσιν),</em></span> <span class='ocrx_word' id='word_1_216' title='bbox 1254 1763 1335 1805; x_wconf 77' lang='grc' dir='ltr'><em>ἐπεὶ</em></span> <span class='ocrx_word' id='word_1_217' title='bbox 1360 1763 1420 1818; x_wconf 82' lang='grc' dir='ltr'><em>μὴ</em></span> <span class='ocrx_word' id='word_1_218' title='bbox 1449 1761 1533 1814; x_wconf 80' lang='grc' dir='ltr'><em>οἶός</em></span> <span class='ocrx_word' id='word_1_219' title='bbox 1550 1780 1593 1806; x_wconf 86' lang='grc' dir='ltr'><strong>τε</strong></span> <span class='ocrx_word' id='word_1_220' title='bbox 1610 1759 1661 1819; x_wconf 78' lang='grc' dir='ltr'><em>ἦν</em></span> <span class='ocrx_word' id='word_1_221' title='bbox 1680 1761 1702 1805; x_wconf 82' lang='grc' dir='ltr'><strong>ὅ</strong></span> <span class='ocrx_word' id='word_1_222' title='bbox 1760 1788 1768 1822; x_wconf 57' lang='lat'><strong>3</strong></span> 
     </span>
    </p>
   </div>
   <div class='ocr_carea' id='block_1_4' title="bbox 366 1871 1768 1929">
    <p class='ocr_par' dir='ltr' id='par_1_4' title="bbox 366 1862 1768 1938">
     <span class='ocr_line' id='line_1_25' title="bbox 366 1871 1768 1929; baseline 0.004 -20"><span class='ocrx_word' id='word_1_223' title='bbox 366 1876 399 1909; x_wconf 90' lang='grc'><strong>8.</strong></span> <span class='ocrx_word' id='word_1_224' title='bbox 428 1871 595 1922; x_wconf 72' lang='grc' dir='ltr'><em>Ἀράβων]</em></span> <span class='ocrx_word' id='word_1_225' title='bbox 620 1872 773 1922; x_wconf 78' lang='grc' dir='ltr'><em>Ἀγάβων</em></span> <span class='ocrx_word' id='word_1_226' title='bbox 795 1876 870 1911; x_wconf 84' lang='lat' dir='ltr'><strong>cod.</strong></span> <span class='ocrx_word' id='word_1_227' title='bbox 1759 1876 1768 1929; x_wconf 63' lang='grc' dir='ltr'>ξ</span> 
     </span>
    </p>
   </div>
   <div class='ocr_carea' id='block_1_5' title="bbox 272 1975 1768 2604">
    <p class='ocr_par' dir='ltr' id='par_1_5' title="bbox 272 1975 1768 2604">
     <span class='ocr_line' id='line_1_26' title="bbox 280 1975 1768 2025; baseline 0.005 -17"><span class='ocrx_word' id='word_1_228' title='bbox 280 1978 444 2009; x_wconf 80' lang='lat' dir='ltr'><strong>tractatae</strong></span> <span class='ocrx_word' id='word_1_229' title='bbox 472 1987 536 2009; x_wconf 90' lang='lat' dir='ltr'><strong>usu</strong></span> <span class='ocrx_word' id='word_1_230' title='bbox 562 1975 649 2009; x_wconf 85' lang='lat' dir='ltr'><strong>inter</strong></span> <span class='ocrx_word' id='word_1_231' title='bbox 676 1977 853 2021; x_wconf 83' lang='lat' dir='ltr'><strong>populares</strong></span> <span class='ocrx_word' id='word_1_232' title='bbox 878 1988 955 2011; x_wconf 89' lang='lat' dir='ltr'><strong>suos</strong></span> <span class='ocrx_word' id='word_1_233' title='bbox 980 1989 1091 2012; x_wconf 85' lang='lat' dir='ltr'><strong>omnes</strong></span> <span class='ocrx_word' id='word_1_234' title='bbox 1119 1978 1206 2013; x_wconf 85' lang='lat' dir='ltr'><strong>citra</strong></span> <span class='ocrx_word' id='word_1_235' title='bbox 1231 1979 1492 2015; x_wconf 79' lang='lat' dir='ltr'><strong>controversiam</strong></span> <span class='ocrx_word' id='word_1_236' title='bbox 1515 1984 1703 2025; x_wconf 80' lang='lat' dir='ltr'><strong>praestans,</strong></span> <span class='ocrx_word' id='word_1_237' title='bbox 1762 1984 1768 1997; x_wconf 61' lang='lat'><strong>*⁴</strong></span> 
     </span>
     <span class='ocr_line' id='line_1_27' title="bbox 279 2020 1768 2069; baseline 0.005 -17"><span class='ocrx_word' id='word_1_238' title='bbox 279 2020 337 2053; x_wconf 90' lang='lat' dir='ltr'><strong>ubi</strong></span> <span class='ocrx_word' id='word_1_239' title='bbox 356 2020 519 2054; x_wconf 79' lang='lat' dir='ltr'><strong>intellexit</strong></span> <span class='ocrx_word' id='word_1_240' title='bbox 527 2022 690 2055; x_wconf 83' lang='lat' dir='ltr'><strong>Romanas</strong></span> <span class='ocrx_word' id='word_1_241' title='bbox 707 2023 819 2066; x_wconf 87' lang='lat' dir='ltr'><strong>copias</strong></span> <span class='ocrx_word' id='word_1_242' title='bbox 830 2023 1025 2057; x_wconf 77' lang='lat' dir='ltr'><strong>maritimam</strong></span> <span class='ocrx_word' id='word_1_243' title='bbox 1041 2028 1158 2058; x_wconf 86' lang='lat' dir='ltr'><strong>contra</strong></span> <span class='ocrx_word' id='word_1_244' title='bbox 1168 2025 1347 2059; x_wconf 77' lang='lat' dir='ltr'>Cretenses</span> <span class='ocrx_word' id='word_1_245' title='bbox 1365 2026 1609 2069; x_wconf 76' lang='lat' dir='ltr'><strong>expeditionem</strong></span> <span class='ocrx_word' id='word_1_246' title='bbox 1625 2039 1702 2061; x_wconf 85' lang='lat' dir='ltr'><strong>sus-</strong></span> <span class='ocrx_word' id='word_1_247' title='bbox 1761 2052 1768 2059; x_wconf 78' lang='lat'><em>,</em></span> 
     </span>
     <span class='ocr_line' id='line_1_28' title="bbox 277 2065 1768 2115; baseline 0.006 -19"><span class='ocrx_word' id='word_1_248' title='bbox 277 2065 427 2108; x_wconf 77' lang='lat' dir='ltr'><strong>cepisse,</strong></span> <span class='ocrx_word' id='word_1_249' title='bbox 449 2070 579 2109; x_wconf 83' lang='lat' dir='ltr'><strong>tempus</strong></span> <span class='ocrx_word' id='word_1_250' title='bbox 603 2066 758 2100; x_wconf 87' lang='lat' dir='ltr'><strong>idoneum</strong></span> <span class='ocrx_word' id='word_1_251' title='bbox 784 2067 990 2101; x_wconf 80' lang='lat' dir='ltr'><strong>existimavit</strong></span> <span class='ocrx_word' id='word_1_252' title='bbox 1007 2068 1049 2101; x_wconf 87' lang='lat' dir='ltr'><strong>ad</strong></span> <span class='ocrx_word' id='word_1_253' title='bbox 1070 2068 1205 2112; x_wconf 89' lang='lat' dir='ltr'><strong>impune</strong></span> <span class='ocrx_word' id='word_1_254' title='bbox 1229 2069 1453 2104; x_wconf 78' lang='lat' dir='ltr'><strong>invadendum</strong></span> <span class='ocrx_word' id='word_1_255' title='bbox 1480 2071 1643 2115; x_wconf 82' lang='lat' dir='ltr'><strong>quicquid</strong></span> <span class='ocrx_word' id='word_1_256' title='bbox 1664 2072 1701 2105; x_wconf 87' lang='lat' dir='ltr'><strong>in</strong></span> <span class='ocrx_word' id='word_1_257' title='bbox 1758 2066 1768 2115; x_wconf 56' lang='grc' dir='ltr'>ἢ</span> 
     </span>
     <span class='ocr_line' id='line_1_29' title="bbox 277 2110 1701 2158; baseline 0.007 -17"><span class='ocrx_word' id='word_1_258' title='bbox 277 2110 419 2142; x_wconf 82' lang='lat' dir='ltr'><strong>Oriente</strong></span> <span class='ocrx_word' id='word_1_259' title='bbox 445 2111 664 2143; x_wconf 87' lang='lat' dir='ltr'><strong>Romanorum</strong></span> <span class='ocrx_word' id='word_1_260' title='bbox 688 2116 856 2155; x_wconf 82' lang='lat' dir='ltr'><strong>potestate</strong></span> <span class='ocrx_word' id='word_1_261' title='bbox 881 2116 1073 2153; x_wconf 83' lang='lat' dir='ltr'><strong>teneretur,</strong></span> <span class='ocrx_word' id='word_1_262' title='bbox 1104 2113 1209 2158; x_wconf 86' lang='lat' dir='ltr'><strong>idque</strong></span> <span class='ocrx_word' id='word_1_263' title='bbox 1237 2114 1410 2148; x_wconf 86' lang='lat' dir='ltr'><strong>incruento</strong></span> <span class='ocrx_word' id='word_1_264' title='bbox 1432 2115 1536 2150; x_wconf 80' lang='lat' dir='ltr'><strong>milite</strong></span> <span class='ocrx_word' id='word_1_265' title='bbox 1562 2122 1701 2150; x_wconf 77' lang='lat' dir='ltr'><strong>vastan-</strong></span> 
     </span>
     <span class='ocr_line' id='line_1_30' title="bbox 274 2154 1768 2204; baseline 0.006 -18"><span class='ocrx_word' id='word_1_266' title='bbox 274 2154 370 2187; x_wconf 83' lang='lat' dir='ltr'><strong>dum:</strong></span> <span class='ocrx_word' id='word_1_267' title='bbox 394 2154 471 2187; x_wconf 83' lang='lat' dir='ltr'><strong>inde</strong></span> <span class='ocrx_word' id='word_1_268' title='bbox 498 2167 534 2188; x_wconf 88' lang='lat' dir='ltr'><strong>se</strong></span> <span class='ocrx_word' id='word_1_269' title='bbox 561 2160 595 2188; x_wconf 84' lang='lat' dir='ltr'><strong>et</strong></span> <span class='ocrx_word' id='word_1_270' title='bbox 619 2167 700 2199; x_wconf 87' lang='lat' dir='ltr'><strong>opes</strong></span> <span class='ocrx_word' id='word_1_271' title='bbox 727 2157 826 2200; x_wconf 90' lang='lat' dir='ltr'><strong>plane</strong></span> <span class='ocrx_word' id='word_1_272' title='bbox 848 2168 984 2200; x_wconf 82' lang='lat' dir='ltr'><strong>magnas</strong></span> <span class='ocrx_word' id='word_1_273' title='bbox 1011 2162 1046 2191; x_wconf 87' lang='lat' dir='ltr'><strong>et</strong></span> <span class='ocrx_word' id='word_1_274' title='bbox 1070 2157 1210 2201; x_wconf 84' lang='lat' dir='ltr'><strong>gloriam</strong></span> <span class='ocrx_word' id='word_1_275' title='bbox 1225 2163 1422 2203; x_wconf 83' lang='lat' dir='ltr'><strong>perpetuam</strong></span> <span class='ocrx_word' id='word_1_276' title='bbox 1438 2164 1705 2204; x_wconf 45' lang='lat' dir='ltr'><strong>mpommrum*</strong></span> <span class='ocrx_word' id='word_1_277' title='bbox 1764 2165 1768 2170; x_wconf 92' lang='grc'><strong>’</strong></span> 
     </span>
     <span class='ocr_line' id='line_1_31' title="bbox 275 2198 1699 2247; baseline 0.006 -17"><span class='ocrx_word' id='word_1_278' title='bbox 275 2198 330 2231; x_wconf 82' lang='lat' dir='ltr'><strong>Ita</strong></span> <span class='ocrx_word' id='word_1_279' title='bbox 348 2199 520 2232; x_wconf 82' lang='lat' dir='ltr'><strong>florentem</strong></span> <span class='ocrx_word' id='word_1_280' title='bbox 540 2210 579 2232; x_wconf 82' lang='lat' dir='ltr'><strong>ac</strong></span> <span class='ocrx_word' id='word_1_281' title='bbox 596 2199 723 2233; x_wconf 85' lang='lat' dir='ltr'><strong>firmum</strong></span> <span class='ocrx_word' id='word_1_282' title='bbox 741 2202 886 2234; x_wconf 85' lang='lat' dir='ltr'><strong>Arabum</strong></span> <span class='ocrx_word' id='word_1_283' title='bbox 911 2206 947 2234; x_wconf 85' lang='lat' dir='ltr'><strong>et</strong></span> <span class='ocrx_word' id='word_1_284' title='bbox 963 2202 1224 2243; x_wconf 84' lang='lat' dir='ltr'><strong>Saracenorum,</strong></span> <span class='ocrx_word' id='word_1_285' title='bbox 1249 2215 1345 2247; x_wconf 90' lang='lat' dir='ltr'><strong>quem</strong></span> <span class='ocrx_word' id='word_1_286' title='bbox 1367 2207 1543 2247; x_wconf 69' lang='lat' dir='ltr'><strong>coegerat,</strong></span> <span class='ocrx_word' id='word_1_287' title='bbox 1566 2206 1699 2239; x_wconf 82' lang='lat' dir='ltr'><strong>exerci-</strong></span> 
     </span>
     <span class='ocr_line' id='line_1_32' title="bbox 274 2243 1699 2294; baseline 0.006 -19"><span class='ocrx_word' id='word_1_288' title='bbox 274 2247 344 2276; x_wconf 89' lang='lat' dir='ltr'><strong>tum</strong></span> <span class='ocrx_word' id='word_1_289' title='bbox 368 2243 403 2275; x_wconf 92' lang='lat' dir='ltr'><strong>in</strong></span> <span class='ocrx_word' id='word_1_290' title='bbox 424 2245 506 2276; x_wconf 86' lang='lat' dir='ltr'><strong>fines</strong></span> <span class='ocrx_word' id='word_1_291' title='bbox 528 2245 692 2278; x_wconf 85' lang='lat' dir='ltr'><strong>Romanos</strong></span> <span class='ocrx_word' id='word_1_292' title='bbox 716 2245 825 2279; x_wconf 85' lang='lat' dir='ltr'><strong>ducit:</strong></span> <span class='ocrx_word' id='word_1_293' title='bbox 852 2246 953 2279; x_wconf 87' lang='lat' dir='ltr'><strong>obvia</strong></span> <span class='ocrx_word' id='word_1_294' title='bbox 980 2258 1134 2291; x_wconf 90' lang='lat' dir='ltr'><strong>quaeque</strong></span> <span class='ocrx_word' id='word_1_295' title='bbox 1155 2247 1305 2281; x_wconf 87' lang='lat' dir='ltr'><strong>incendit</strong></span> <span class='ocrx_word' id='word_1_296' title='bbox 1328 2252 1364 2281; x_wconf 83' lang='lat' dir='ltr'><strong>et</strong></span> <span class='ocrx_word' id='word_1_297' title='bbox 1377 2248 1507 2294; x_wconf 83' lang='lat' dir='ltr'><strong>diripit.</strong></span> <span class='ocrx_word' id='word_1_298' title='bbox 1551 2250 1699 2293; x_wconf 70' lang='lat' dir='ltr'><strong>Cognita</strong></span> 
     </span>
     <span class='ocr_line' id='line_1_33' title="bbox 275 2287 1697 2338; baseline 0.006 -18"><span class='ocrx_word' id='word_1_299' title='bbox 275 2287 347 2320; x_wconf 81' lang='lat' dir='ltr'><strong>eius</strong></span> <span class='ocrx_word' id='word_1_300' title='bbox 364 2288 554 2323; x_wconf 86' lang='lat' dir='ltr'><strong>incursione</strong></span> <span class='ocrx_word' id='word_1_301' title='bbox 573 2294 671 2332; x_wconf 82' lang='lat' dir='ltr'><strong>atque</strong></span> <span class='ocrx_word' id='word_1_302' title='bbox 688 2289 827 2334; x_wconf 80' lang='lat' dir='ltr'><strong>impetu,</strong></span> <span class='ocrx_word' id='word_1_303' title='bbox 850 2296 967 2335; x_wconf 87' lang='lat' dir='ltr'><strong>aperta</strong></span> <span class='ocrx_word' id='word_1_304' title='bbox 983 2291 1020 2325; x_wconf 81' lang='lat' dir='ltr'><strong>vi</strong></span> <span class='ocrx_word' id='word_1_305' title='bbox 1041 2292 1144 2332; x_wconf 84' lang='lat' dir='ltr'><strong>facto,</strong></span> <span class='ocrx_word' id='word_1_306' title='bbox 1166 2292 1334 2326; x_wconf 86' lang='lat' dir='ltr'><strong>Romanus</strong></span> <span class='ocrx_word' id='word_1_307' title='bbox 1349 2293 1536 2338; x_wconf 82' lang='lat' dir='ltr'><strong>Imperator</strong></span> <span class='ocrx_word' id='word_1_308' title='bbox 1552 2295 1697 2328; x_wconf 89' lang='lat' dir='ltr'><strong>Leonem</strong></span> 
     </span>
     <span class='ocr_line' id='line_1_34' title="bbox 274 2331 1697 2381; baseline 0.006 -17"><span class='ocrx_word' id='word_1_309' title='bbox 274 2331 420 2365; x_wconf 85' lang='lat' dir='ltr'><strong>Phocam</strong></span> <span class='ocrx_word' id='word_1_310' title='bbox 435 2333 621 2377; x_wconf 88' lang='lat' dir='ltr'><strong>Nicephori</strong></span> <span class='ocrx_word' id='word_1_311' title='bbox 634 2335 784 2375; x_wconf 86' lang='lat' dir='ltr'><strong>fratrem,</strong></span> <span class='ocrx_word' id='word_1_312' title='bbox 808 2336 865 2379; x_wconf 90' lang='lat' dir='ltr'><strong>qui</strong></span> <span class='ocrx_word' id='word_1_313' title='bbox 884 2336 991 2379; x_wconf 89' lang='lat' dir='ltr'><strong>copiis</strong></span> <span class='ocrx_word' id='word_1_314' title='bbox 1010 2336 1169 2381; x_wconf 83' lang='lat' dir='ltr'><strong>Europae</strong></span> <span class='ocrx_word' id='word_1_315' title='bbox 1190 2342 1348 2381; x_wconf 84' lang='lat' dir='ltr'><strong>praeerat</strong></span> <span class='ocrx_word' id='word_1_316' title='bbox 1367 2338 1609 2381; x_wconf 81' lang='lat' dir='ltr'><strong>(Domesticum</strong></span> <span class='ocrx_word' id='word_1_317' title='bbox 1625 2339 1697 2372; x_wconf 86' lang='lat' dir='ltr'><strong>Oc-</strong></span> 
     </span>
     <span class='ocr_line' id='line_1_35' title="bbox 273 2377 1700 2424; baseline 0.006 -15"><span class='ocrx_word' id='word_1_318' title='bbox 273 2377 417 2411; x_wconf 86' lang='lat' dir='ltr'><strong>cidentis</strong></span> <span class='ocrx_word' id='word_1_319' title='bbox 432 2378 572 2411; x_wconf 83' lang='lat' dir='ltr'><strong>Romani</strong></span> <span class='ocrx_word' id='word_1_320' title='bbox 588 2379 650 2412; x_wconf 88' lang='lat' dir='ltr'><strong>hoc</strong></span> <span class='ocrx_word' id='word_1_321' title='bbox 666 2379 809 2413; x_wconf 85' lang='lat' dir='ltr'><strong>officium</strong></span> <span class='ocrx_word' id='word_1_322' title='bbox 826 2382 1024 2424; x_wconf 87' lang='lat' dir='ltr'><strong>appellant),</strong></span> <span class='ocrx_word' id='word_1_323' title='bbox 1049 2382 1211 2414; x_wconf 82' lang='lat' dir='ltr'><strong>adversus</strong></span> <span class='ocrx_word' id='word_1_324' title='bbox 1226 2382 1471 2417; x_wconf 77' lang='lat' dir='ltr'><strong>chambdanum</strong></span> <span class='ocrx_word' id='word_1_325' title='bbox 1486 2384 1586 2420; x_wconf 70' lang='lat' dir='ltr'><strong>misit.</strong></span> <span class='ocrx_word' id='word_1_326' title='bbox 1607 2383 1700 2417; x_wconf 78' lang='lat' dir='ltr'><strong>Erat-</strong></span> 
     </span>
     <span class='ocr_line' id='line_1_36' title="bbox 274 2421 1697 2472; baseline 0.006 -18"><span class='ocrx_word' id='word_1_327' title='bbox 274 2421 343 2454; x_wconf 91' lang='lat' dir='ltr'><strong>Leo</strong></span> <span class='ocrx_word' id='word_1_328' title='bbox 361 2422 416 2455; x_wconf 88' lang='lat' dir='ltr'><strong>vir</strong></span> <span class='ocrx_word' id='word_1_329' title='bbox 436 2428 611 2464; x_wconf 83' lang='lat' dir='ltr'><strong>strenuus,</strong></span> <span class='ocrx_word' id='word_1_330' title='bbox 634 2424 741 2456; x_wconf 89' lang='lat' dir='ltr'><strong>animo</strong></span> <span class='ocrx_word' id='word_1_331' title='bbox 760 2424 861 2465; x_wconf 81' lang='lat' dir='ltr'><strong>forti,</strong></span> <span class='ocrx_word' id='word_1_332' title='bbox 884 2425 1064 2470; x_wconf 82' lang='lat' dir='ltr'><strong>prudentia</strong></span> <span class='ocrx_word' id='word_1_333' title='bbox 1082 2426 1260 2469; x_wconf 80' lang='lat' dir='ltr'><strong>singulari,</strong></span> <span class='ocrx_word' id='word_1_334' title='bbox 1285 2426 1328 2459; x_wconf 87' lang='lat' dir='ltr'><strong>ad</strong></span> <span class='ocrx_word' id='word_1_335' title='bbox 1344 2427 1468 2471; x_wconf 81' lang='lat' dir='ltr'><strong>optima</strong></span> <span class='ocrx_word' id='word_1_336' title='bbox 1485 2439 1546 2472; x_wconf 89' lang='lat' dir='ltr'><strong>pro</strong></span> <span class='ocrx_word' id='word_1_337' title='bbox 1566 2433 1697 2472; x_wconf 79' lang='lat' dir='ltr'><strong>tempo-</strong></span> 
     </span>
     <span class='ocr_line' id='line_1_37' title="bbox 272 2466 1697 2514; baseline 0.006 -16"><span class='ocrx_word' id='word_1_338' title='bbox 272 2466 366 2499; x_wconf 81' lang='lat' dir='ltr'><strong>ribus</strong></span> <span class='ocrx_word' id='word_1_339' title='bbox 396 2467 534 2500; x_wconf 82' lang='lat' dir='ltr'><strong>consilia</strong></span> <span class='ocrx_word' id='word_1_340' title='bbox 556 2467 760 2501; x_wconf 75' lang='lat' dir='ltr'><strong>invenienda</strong></span> <span class='ocrx_word' id='word_1_341' title='bbox 786 2480 870 2502; x_wconf 89' lang='lat' dir='ltr'><strong>unus</strong></span> <span class='ocrx_word' id='word_1_342' title='bbox 894 2471 1057 2510; x_wconf 87' lang='lat' dir='ltr'><strong>omnium,</strong></span> <span class='ocrx_word' id='word_1_343' title='bbox 1080 2482 1162 2514; x_wconf 81' lang='lat' dir='ltr'><strong>quos</strong></span> <span class='ocrx_word' id='word_1_344' title='bbox 1183 2471 1316 2514; x_wconf 88' lang='lat' dir='ltr'><strong>quidem</strong></span> <span class='ocrx_word' id='word_1_345' title='bbox 1344 2472 1515 2513; x_wconf 74' lang='lat' dir='ltr'><strong>novimus,</strong></span> <span class='ocrx_word' id='word_1_346' title='bbox 1536 2473 1697 2506; x_wconf 78' lang='lat' dir='ltr'><strong>felicissi-</strong></span> 
     </span>
     <span class='ocr_line' id='line_1_38' title="bbox 272 2512 1695 2559; baseline 0.006 -16"><span class='ocrx_word' id='word_1_347' title='bbox 272 2521 363 2550; x_wconf 86' lang='lat' dir='ltr'><strong>mus;</strong></span> <span class='ocrx_word' id='word_1_348' title='bbox 386 2523 482 2555; x_wconf 88' lang='lat' dir='ltr'><strong>quem</strong></span> <span class='ocrx_word' id='word_1_349' title='bbox 500 2512 649 2546; x_wconf 83' lang='lat' dir='ltr'><strong>divinum</strong></span> <span class='ocrx_word' id='word_1_350' title='bbox 665 2513 819 2557; x_wconf 83' lang='lat' dir='ltr'><strong>aliquod,</strong></span> <span class='ocrx_word' id='word_1_351' title='bbox 844 2515 983 2558; x_wconf 87' lang='lat' dir='ltr'><strong>opinor,</strong></span> <span class='ocrx_word' id='word_1_352' title='bbox 1004 2515 1041 2548; x_wconf 85' lang='lat' dir='ltr'><strong>in</strong></span> <span class='ocrx_word' id='word_1_353' title='bbox 1061 2515 1157 2548; x_wconf 88' lang='lat' dir='ltr'><strong>bellis</strong></span> <span class='ocrx_word' id='word_1_354' title='bbox 1173 2516 1356 2551; x_wconf 83' lang='lat' dir='ltr'><strong>adiuvabat</strong></span> <span class='ocrx_word' id='word_1_355' title='bbox 1370 2527 1510 2559; x_wconf 83' lang='lat' dir='ltr'><strong>numen,</strong></span> <span class='ocrx_word' id='word_1_356' title='bbox 1531 2517 1695 2551; x_wconf 79' lang='lat' dir='ltr'><strong>adversa-</strong></span> 
     </span>
     <span class='ocr_line' id='line_1_39' title="bbox 273 2554 1175 2604; baseline 0.008 -17"><span class='ocrx_word' id='word_1_357' title='bbox 273 2554 341 2587; x_wconf 84' lang='lat' dir='ltr'><strong>rios</strong></span> <span class='ocrx_word' id='word_1_358' title='bbox 357 2556 406 2589; x_wconf 86' lang='lat' dir='ltr'><strong>illi</strong></span> <span class='ocrx_word' id='word_1_359' title='bbox 423 2568 535 2590; x_wconf 84' lang='lat' dir='ltr'><strong>omnes</strong></span> <span class='ocrx_word' id='word_1_360' title='bbox 552 2557 750 2598; x_wconf 88' lang='lat' dir='ltr'><strong>subiiciens,</strong></span> <span class='ocrx_word' id='word_1_361' title='bbox 773 2559 999 2604; x_wconf 83' lang='lat' dir='ltr'><strong>obnoxiosque</strong></span> <span class='ocrx_word' id='word_1_362' title='bbox 1018 2559 1175 2595; x_wconf 76' lang='lat' dir='ltr'><strong>reddens,</strong></span> 
     </span>
    </p>
   </div>
   <div class='ocr_carea' id='block_1_6' title="bbox 271 2622 1758 2810">
    <p class='ocr_par' dir='ltr' id='par_1_6' title="bbox 271 2622 1758 2810">
     <span class='ocr_line' id='line_1_40' title="bbox 360 2622 1758 2672; baseline 0.005 -17"><span class='ocrx_word' id='word_1_363' title='bbox 360 2623 393 2655; x_wconf 73' lang='lat'><strong>2.</strong></span> <span class='ocrx_word' id='word_1_364' title='bbox 422 2622 577 2663; x_wconf 86' lang='lat' dir='ltr'><strong>Etenim,</strong></span> <span class='ocrx_word' id='word_1_365' title='bbox 600 2634 673 2657; x_wconf 84' lang='lat' dir='ltr'><strong>cum</strong></span> <span class='ocrx_word' id='word_1_366' title='bbox 691 2623 727 2657; x_wconf 91' lang='lat' dir='ltr'><strong>in</strong></span> <span class='ocrx_word' id='word_1_367' title='bbox 743 2625 908 2658; x_wconf 87' lang='lat' dir='ltr'><strong>curriculo</strong></span> <span class='ocrx_word' id='word_1_368' title='bbox 926 2625 1138 2670; x_wconf 89' lang='lat' dir='ltr'><strong>imperiorum</strong></span> <span class='ocrx_word' id='word_1_369' title='bbox 1151 2627 1240 2661; x_wconf 83' lang='lat' dir='ltr'><strong>bella</strong></span> <span class='ocrx_word' id='word_1_370' title='bbox 1255 2627 1415 2671; x_wconf 81' lang='lat' dir='ltr'><strong>gessisset</strong></span> <span class='ocrx_word' id='word_1_371' title='bbox 1429 2626 1584 2672; x_wconf 82' lang='lat' dir='ltr'><strong>plurima,</strong></span> <span class='ocrx_word' id='word_1_372' title='bbox 1606 2637 1694 2661; x_wconf 81' lang='lat' dir='ltr'><strong>nun-</strong></span> <span class='ocrx_word' id='word_1_373' title='bbox 1756 2666 1758 2670; x_wconf 21' lang='lat' dir='ltr'>y</span> 
     </span>
     <span class='ocr_line' id='line_1_41' title="bbox 272 2668 1754 2717; baseline 0.005 -20"><span class='ocrx_word' id='word_1_374' title='bbox 272 2674 370 2708; x_wconf 78' lang='lat' dir='ltr'><strong>quam</strong></span> <span class='ocrx_word' id='word_1_375' title='bbox 386 2670 497 2700; x_wconf 84' lang='lat' dir='ltr'><strong>tamen</strong></span> <span class='ocrx_word' id='word_1_376' title='bbox 518 2668 658 2702; x_wconf 85' lang='lat' dir='ltr'><strong>inferior</strong></span> <span class='ocrx_word' id='word_1_377' title='bbox 678 2669 832 2703; x_wconf 85' lang='lat' dir='ltr'><strong>discessit</strong></span> <span class='ocrx_word' id='word_1_378' title='bbox 851 2670 893 2702; x_wconf 85' lang='lat' dir='ltr'><strong>ab</strong></span> <span class='ocrx_word' id='word_1_379' title='bbox 908 2670 1023 2711; x_wconf 83' lang='lat' dir='ltr'><strong>hoste,</strong></span> <span class='ocrx_word' id='word_1_380' title='bbox 1045 2671 1104 2704; x_wconf 85' lang='lat' dir='ltr'><strong>sed</strong></span> <span class='ocrx_word' id='word_1_381' title='bbox 1121 2671 1287 2706; x_wconf 78' lang='lat' dir='ltr'><strong>victoriae</strong></span> <span class='ocrx_word' id='word_1_382' title='bbox 1303 2673 1443 2717; x_wconf 88' lang='lat' dir='ltr'><strong>palmam</strong></span> <span class='ocrx_word' id='word_1_383' title='bbox 1459 2682 1590 2716; x_wconf 80' lang='lat' dir='ltr'><strong>semper</strong></span> <span class='ocrx_word' id='word_1_384' title='bbox 1611 2682 1693 2705; x_wconf 84' lang='lat' dir='ltr'><strong>con-</strong></span> <span class='ocrx_word' id='word_1_385' title='bbox 1750 2683 1754 2700; x_wconf 67' lang='grc' dir='ltr'>ἰ</span> 
     </span>
     <span class='ocr_line' id='line_1_42' title="bbox 271 2713 1693 2760; baseline 0.007 -20"><span class='ocrx_word' id='word_1_386' title='bbox 271 2714 402 2742; x_wconf 83' lang='lat' dir='ltr'><strong>secutus</strong></span> <span class='ocrx_word' id='word_1_387' title='bbox 421 2716 481 2744; x_wconf 80' lang='lat' dir='ltr'><strong>est.</strong></span> <span class='ocrx_word' id='word_1_388' title='bbox 527 2713 630 2746; x_wconf 88' lang='lat' dir='ltr'><strong>Velut</strong></span> <span class='ocrx_word' id='word_1_389' title='bbox 645 2725 717 2747; x_wconf 87' lang='lat' dir='ltr'><strong>cum</strong></span> <span class='ocrx_word' id='word_1_390' title='bbox 732 2718 814 2747; x_wconf 80' lang='lat' dir='ltr'><strong>tunc</strong></span> <span class='ocrx_word' id='word_1_391' title='bbox 830 2715 998 2748; x_wconf 84' lang='lat' dir='ltr'><strong>exercitus</strong></span> <span class='ocrx_word' id='word_1_392' title='bbox 1015 2715 1194 2760; x_wconf 80' lang='lat' dir='ltr'><strong>Scythicus</strong></span> <span class='ocrx_word' id='word_1_393' title='bbox 1217 2717 1339 2750; x_wconf 86' lang='lat' dir='ltr'><strong>Istrum</strong></span> <span class='ocrx_word' id='word_1_394' title='bbox 1356 2715 1545 2750; x_wconf 77' lang='lat' dir='ltr'><strong>traiecisset</strong></span> <span class='ocrx_word' id='word_1_395' title='bbox 1569 2715 1693 2759; x_wconf 84' lang='lat' dir='ltr'><strong>(Hun-</strong></span> 
     </span>
     <span class='ocr_line' id='line_1_43' title="bbox 271 2757 1750 2810; baseline 0.004 -22"><span class='ocrx_word' id='word_1_396' title='bbox 271 2763 331 2786; x_wconf 84' lang='lat' dir='ltr'><strong>nos</strong></span> <span class='ocrx_word' id='word_1_397' title='bbox 356 2759 489 2796; x_wconf 65' lang='lat' dir='ltr'><strong>gentem</strong></span> <span class='ocrx_word' id='word_1_398' title='bbox 510 2757 723 2802; x_wconf 78' lang='lat' dir='ltr'><strong>nominant),</strong></span> <span class='ocrx_word' id='word_1_399' title='bbox 747 2769 854 2803; x_wconf 88' lang='lat' dir='ltr'><strong>neque</strong></span> <span class='ocrx_word' id='word_1_400' title='bbox 878 2760 949 2794; x_wconf 89' lang='lat' dir='ltr'><strong>Leo</strong></span> <span class='ocrx_word' id='word_1_401' title='bbox 975 2760 1042 2794; x_wconf 88' lang='lat' dir='ltr'><strong>dux</strong></span> <span class='ocrx_word' id='word_1_402' title='bbox 1066 2764 1184 2805; x_wconf 86' lang='lat' dir='ltr'><strong>aperto</strong></span> <span class='ocrx_word' id='word_1_403' title='bbox 1203 2762 1317 2796; x_wconf 83' lang='lat' dir='ltr'><strong>Marte</strong></span> <span class='ocrx_word' id='word_1_404' title='bbox 1333 2762 1514 2795; x_wconf 84' lang='lat' dir='ltr'><strong>decernere</strong></span> <span class='ocrx_word' id='word_1_405' title='bbox 1534 2770 1607 2794; x_wconf 83' lang='lat' dir='ltr'><strong>cum</strong></span> <span class='ocrx_word' id='word_1_406' title='bbox 1632 2760 1691 2794; x_wconf 84' lang='lat' dir='ltr'><strong>illo</strong></span> <span class='ocrx_word' id='word_1_407' title='bbox 1738 2785 1750 2810; x_wconf 71' lang='lat'><strong>·,</strong></span> 
     </span>
    </p>
   </div>
   <div class='ocr_carea' id='block_1_7' title="bbox 1741 2184 1768 3034">
    <p class='ocr_par' dir='ltr' id='par_1_7' title="bbox 1741 2184 1768 3034">
     <span class='ocr_line' id='line_1_44' title="bbox 1741 2184 1768 3034; baseline 0 0"><span class='ocrx_word' id='word_1_408' title='bbox 1741 2184 1768 3034; x_wconf 95' lang='lat' dir='ltr'><strong> </strong></span> 
     </span>
    </p>
   </div>
  </div>
 </body>
</html>
