1760 3034
401 157 459 205 IN
485 155 805 201 THEODOSlI
815 199 820 201 μ
829 155 1141 202 ACROASES.
1394 149 1502 201 557

162 266 231 306 21.
258 259 432 310 Σκὲπαις
457 260 658 312 ἐπακταῒς]
688 260 824 313 Zia-{my
847 268 907 300 est
927 263 1089 315 proprie
1110 269 1401 315 tegumentum,
1427 261 1500 301 sed

47 317 118 363 hic
133 332 209 371 pro
225 319 325 357 locis
343 318 510 357 occultis
528 324 569 356 et
582 318 785 370 imperviis
803 318 1141 370 interpretandum
1161 332 1313 367 censeo,
1343 332 1390 357 eo
1409 332 1500 358 mo-

51 375 125 424 do,
153 388 231 426 quo
264 371 496 426 σκεπεισμὸς
522 371 642 422 τόπος
669 375 806 412 eodem
835 388 952 412 sensu
981 382 1165 416 notatum
1191 374 1367 413 occurrit
1391 374 1501 426 apud

51 431 226 480 Suidam,
257 444 376 482 quare
397 437 436 469 et
457 430 695 468 adiectivum
715 431 956 482 subsequens
975 431 1159 478 ἐπακταῖς
1176 432 1263 469 loca
1280 431 1498 480 obstructa,

49 484 119 525 aut
143 501 299 538 aspera,
339 500 429 536 seu,
465 492 512 523 ut
542 486 675 538 inquit
705 486 893 536 Virgilius
923 487 1019 524 Aen.
1054 501 1091 528 v.
1119 491 1223 536 662,
1263 488 1351 526 loca
1384 494 1499 524 senta

48 541 134 580 {vitu
168 542 385 594 significat,
412 555 535 594 quum
567 556 590 580 a
622 542 743 581 verbo
777 539 921 596 ἐπάγω,
950 543 1138 593 obstruo,
1165 545 1287 594 septb,
1315 543 1368 581 sit
1391 542 1499 582 deri-

46 606 196 640 vatum.

0 713 1 719 ἵ
140 672 228 712 ·29.
259 663 382 719 Ἀντί]
413 668 618 706 Cornelius
649 669 802 707 Codicis
827 669 944 707 fidem
968 683 1050 708 non
1070 675 1259 721 sequutus
1276 669 1402 712 edidit
1428 665 1507 710 αὖ·
1529 671 1603 707 Col.
1625 672 1651 708 2

0 722 1 763 ἶ
48 722 133 775 τᾶν,
161 725 231 763 sed
257 724 313 762 ita
335 737 415 762 esse
439 724 716 775 corrigendum
736 725 901 764 notavit.

160 797 229 838 30.
250 794 411 846 Πίνειν]
432 794 497 832 Sic
517 795 664 847 optime
675 796 879 833 Cornelius
899 795 1121 833 emendavit
1140 809 1215 846 pro
1229 799 1373 844 ποιεῖν,
1391 796 1503 847 quod

48 850 117 890 hie
134 852 268 889 locum
286 850 430 889 habere
447 864 528 888 non
548 858 688 903 potest.
744 852 791 889 In
811 851 955 890 Codice
974 865 1054 890 non
1074 852 1167 889 satis
1185 852 1288 890 clare
1303 851 1402 890 haec
1417 865 1501 891 vox

48 907 205 958 legitur,
232 907 300 945 sed
319 908 450 946 πίνειν
468 907 665 959 scriptum
683 921 767 946 esse
784 907 957 946 videtur.

159 980 226 1020 33.
255 973 623 1029 Ὁ-Καραμούντης]
646 978 735 1016 Non
756 978 805 1015 ad
825 979 1047 1031 principem
1072 979 1206 1017 Cretae
1225 978 1403 1017 Ameram
1420 977 1503 1017 hoc

47 1034 194 1073 nomen
214 1033 331 1082 reser,
352 1046 467 1084 quem
490 1034 686 1085 Curupam
701 1034 819 1072 fuisse
844 1035 994 1073 dictum
1013 1036 1193 1086 superius
1214 1035 1372 1074 Acroas.
1395 1035 1442 1073 11.
1458 1048 1500 1074 v.

49 1093 121 1134 82.
137 1089 324 1128 vidimus.
379 1090 460 1127 Nec
482 1095 520 1127 te
540 1097 707 1139 moveat,
725 1090 834 1128 hunc
857 1091 972 1128 etiam
995 1105 1016 1127 a
1033 1091 1253 1129 Theodosio
1275 1090 1441 1129 inferius
1458 1104 1499 1130 v.

51 1147 144 1188 134.
173 1145 357 1184 Ameram
390 1159 638 1197 nuncupari:
668 1160 759 1184 nam
786 1147 920 1198 plures
951 1147 1087 1184 Cretae
1117 1149 1274 1185 Ameras
1306 1147 1423 1186 fuisse
1450 1160 1502 1185 ex

50 1201 226 1240 Cedreno
259 1215 347 1254 pag.
378 1203 472 1243 643.
506 1202 718 1251 discimus,
749 1203 818 1253 qui
844 1209 998 1254 praeter
1018 1203 1217 1254 Curupam
1245 1203 1365 1240 alium
1382 1203 1500 1241 etiam

46 1265 238 1296 memorat
255 1257 413 1295 nomine
428 1260 640 1306 Anemam,
672 1272 788 1309 quem
808 1255 1029 1310 suprenT'am
1049 1265 1140 1310 post
1160 1259 1357 1309 Curupam
1379 1265 1501 1311 pote-

47 1320 186 1352 statem
214 1314 392 1351 habuisse
415 1314 566 1352 scribit.
624 1315 680 1351 De
706 1314 939 1352 Garamante
971 1321 1101 1352 tamen
1126 1315 1237 1352 nulla
1259 1315 1315 1352 ibi
1329 1314 1501 1353 mentina

47 1384 131 1408 non
158 1370 261 1408 enim
293 1369 359 1407 hie
384 1370 637 1408 Caramuntes
668 1384 756 1408 cum
788 1371 1001 1409 Caramone
1032 1385 1054 1407 a
1082 1370 1255 1409 Cedreno
1284 1370 1382 1410 ibid.
1413 1383 1500 1421 pag.

49 1427 144 1469 642.
171 1427 264 1464 item
284 1432 499 1464 memorato
524 1427 605 1463 ullo
630 1427 746 1464 modo
767 1434 824 1465 est
847 1426 1170 1477 confundendus,
1199 1439 1319 1478 quum
1336 1426 1371 1464 is
1389 1425 1504 1465 Tarsi

49 1482 234 1533 domiuus
260 1489 299 1521 et
323 1482 483 1520 Ameras
509 1482 637 1520 fuerit.

97 1609 119 1658 ζ
158 1555 227 1595 37.
256 1551 582 1607 Προευτρέπιζεν]
613 1553 818 1592 Cornelius
845 1554 946 1593 male
974 1552 1135 1592 omnino
1163 1552 1259 1603 legit
1284 1549 1503 1606 προκυτρέ-

50 1624 92 1649 πι
120 1623 177 1652 εν.
360 1623 364 1627 ·
482 1633 486 1636 ’

163 1681 231 1722 39.
249 1673 434 1730 Πάντας]
453 1679 516 1716 Ex
535 1678 678 1717 Codice
698 1679 754 1717 sic
773 1679 1018 1731 corrigimus,
1040 1692 1160 1731 quum
1174 1674 1319 1728 ταύτας
1335 1691 1418 1717 non
1433 1677 1503 1716 be-

48 1749 100 1774 ne
121 1735 228 1788 apud
256 1735 483 1772 Cornelium
504 1735 669 1785 legatur.

161 1807 226 1848 53.
254 1803 355 1857 Καί]
387 1806 590 1844 Cornelius
610 1805 764 1844 Codicis
792 1803 911 1844 fidem
933 1819 1015 1845 non
1041 1794 1231 1857 sequutus
1259 1802 1391 1843 nescio
1423 1816 1500 1855 qua

49 1861 206 1900 ratione
231 1859 286 1909 αἷς
307 1861 486 1900 ediderit.

158 1931 224 1974 54.
256 1932 441 1985 Πατρῶν]
471 1933 677 1983 Perperam
694 1930 875 1984 πατέρων
894 1931 1042 1984 legitur
1061 1932 1105 1970 in
1126 1930 1298 1970 editione
1314 1928 1498 1980 Cornelii,

47 1993 186 2026 contra
210 1987 363 2026 Codicis
387 1987 504 2026 fidem
534 1994 574 2026 et
594 2001 728 2026 versus
754 2001 987 2027 mensuram.
1411 2005 1428 2027 s

158 2058 227 2100 55.
253 2054 356 2108 Ἐ’κνί]
393 2057 506 2095 Hanc.
536 2070 618 2095 esse
646 2057 802 2095 Codicis
829 2058 1039 2097 lectionem
1067 2057 1239 2098 videtur.
1298 2055 1502 2097 cornelius

46 2114 141 2164 legit
161 2114 224 2162 ἐν,
253 2126 490 2165 versumque
514 2114 605 2151 ideo
626 2113 909 2152 claudicantem
931 2114 1068 2154 edidit.

158 2187 229 2226 60.
252 2179 436 2236 Ἰσμαήλ]
468 2184 567 2222 Vide
596 2197 714 2235 supra
734 2183 783 2221 ad
803 2184 894 2224 Aer.
922 2185 971 2225 11.
990 2199 1029 2223 v.
1052 2187 1147 2228 261.

159 2252 225 2294 64.
257 2253 353 2304 Καί]
385 2254 528 2291 Omisit
556 2253 661 2291 hanc
685 2254 922 2306 particulam
952 2255 1176 2301 Cornelius,
1215 2268 1314 2306 quae
1344 2253 1503 2306 quidem

46 2309 91 2346 in
121 2308 263 2346 Codice
294 2309 389 2347 adeo
420 2316 479 2348 est
500 2310 665 2349 evanida
679 2340 691 2360 ,
724 2317 770 2348 ut
787 2311 851 2350 vel
867 2311 1073 2363 diligenter
1088 2311 1364 2364 inspicientem
1384 2309 1500 2348 facile
1522 2317 1564 2351 Ρ.
1587 2317 1656 2352 389

49 2363 221 2415 effugiat.
1519 2362 1594 2397 Col.
1623 2366 1639 2397 1

160 2423 224 2462 69.
258 2417 361 2468 Τοῦς
394 2419 532 2473 ἔνδον]
574 2422 775 2460 Cretenses
806 2422 1004 2473 intellige,
1042 2422 1111 2474 qui
1142 2421 1346 2460 obsidione
1375 2420 1501 2458 same-

50 2488 126 2527 que
146 2475 284 2513 afflicti
305 2477 347 2513 in
365 2476 462 2514 urbe
481 2483 591 2514 erant
613 2477 769 2526 inclusi,
786 2491 961 2530 quosque
983 2478 1124 2516 Graeci
1140 2477 1281 2515 milites
1298 2482 1386 2514 ante
1406 2487 1502 2527 por·

47 2537 108 2569 tas
129 2531 239 2570 urbis
259 2531 477 2581 adstantes,
505 2546 555 2570 ne
573 2535 868 2583 egrederentur,
898 2534 1171 2587 prohibebant.
1227 2533 1286 2570 lta
1307 2544 1396 2569 sane
1413 2544 1501 2568 ma-

48 2586 106 2637 gis
125 2587 273 2638 placet,
305 2601 419 2638 quam
438 2589 486 2625 de
507 2589 666 2627 Graecis
689 2590 738 2627 ob
756 2590 879 2640 frigus
896 2591 1055 2628 domum
1078 2587 1222 2631 reYerti
1242 2586 1501 2638 cogitantibus

46 2642 90 2679 id
109 2642 372 2694 interpretari,
394 2643 502 2694 quod
525 2657 569 2682 ea
590 2645 801 2696 explicatio
818 2646 1027 2684 obscurum
1047 2644 1164 2682 nimis
1182 2642 1392 2680 Theodosii
1409 2655 1497 2680 sen-

49 2710 137 2735 sum
161 2699 363 2748 redderet,
396 2711 441 2736 eo
472 2700 611 2750 magis,
641 2702 748 2752 quod
774 2701 1019 2752 Nicephorus
1046 2699 1328 2737 tumultuantes
1352 2698 1497 2737 milites

48 2765 131 2791 non
151 2754 216 2805 vi,
244 2755 314 2794 sed
333 2754 464 2794 verbis
494 2761 533 2794 et
559 2755 901 2795 adhortationibus
920 2755 1143 2795 detinuerit.
