1754 2996
281 150 381 198 482
731 155 794 201 ⁴C.
821 159 867 202 B.
898 157 1068 201 HASII
1075 158 1276 202 NOTAE

282 262 489 311 ficatione,
519 255 595 314 qua
622 275 734 315 apes,
779 276 869 301 cum
897 262 1078 301 aculeum
1108 262 1252 313 figunt,
1289 260 1453 318 κέντρον
1481 254 1727 317 ἕγχρίμπτειὺ

282 333 352 357 seu
384 318 556 358 absolute
583 318 827 372 ἐγχρίμπτειν
849 320 1046 359 dicuntur.
1101 319 1202 358 Vide
1219 317 1379 360 Ruhnk.
1380 278 1452 358 ριᾶ
1468 320 1569 361 Tim.
1591 321 1659 363 75.
1679 320 1726 359 Β.

283 375 434 414 Sumsit
460 375 537 412 Leo
560 388 609 412 ex
638 374 799 424 Agathia
821 378 886 417 23.
904 376 944 415 C.
966 382 1034 413 aut
1053 375 1118 417 41.
1137 375 1185 414 A.

397 429 498 469 Ibid.
528 431 598 468 lin.
633 434 697 473 16.
729 427 815 471 τότε
849 427 1015 484 πρώτως
1055 429 1273 482 φανέντες]
1302 430 1402 470 Inde
1436 429 1578 469 hausit
1608 430 1723 471 Cedr.

283 500 384 539 quae
409 486 527 525 habet
566 487 613 524 de
650 486 785 525 eodem
808 488 959 539 praelio
988 487 1039 527 ΙΙ.
1066 490 1158 530 676.
1186 486 1232 525 A.
1253 484 1337 529 τότε
1360 489 1517 541 πρῶτον
1537 485 1729 539 φανέντες

285 543 452 594 ἔφιπποι
469 557 505 582 κ.
526 558 558 582 τ
577 545 611 582 λ.

393 601 497 650 Pag.
529 598 720 639 144-1ἰη.
752 595 869 641 8.τᾶ
896 597 1046 639 ἕαυτῶν
1064 595 1349 652 συναγαγόντες
1374 594 1529 649 ἆκᾶτια]
1560 598 1617 636 De
1635 611 1727 636 mo*-

248 654 446 706 Bnoxylis
465 656 678 692 Russorum
706 655 906 692 Constant.
922 654 1165 706 Porphyrog.
1185 656 1242 692 De
1262 654 1461 693 administ.
1481 654 1578 706 imp.
1599 654 1666 696 59.
1683 653 1726 691 Β.

281 732 339 740 -—
359 714 424 753 61.
457 711 499 750 F.
528 716 566 747 et
590 711 763 748 Bandur.
794 711 845 748 ad
868 710 1724 762 11.1.36.C.Magnifice01audjanusln1v.

284 767 485 806 consulat.
506 766 676 804 Honorii
699 780 737 807 v.
758 769 852 809 623.
870 779 974 817 sqq..

451 845 563 883 Ausi
582 844 823 882 Danubium
847 843 1048 896 quondam
1067 852 1230 882 tranare
1255 845 1489 897 Gruthungi

450 902 500 940 In
520 902 658 938 lintres
668 902 827 951 fi·egere
848 915 987 938 nemus
999 916 1010 937 :
1041 909 1099 938 ter
1117 901 1227 938 mille
1245 901 1416 939 ruebant

449 960 528 995 Per
535 958 717 1008 flavium
726 958 869 1007 plenae
889 959 1023 994 cuneis
1043 957 1288 994 immanibus
1307 958 1407 995 alni.

339 1052 341 1054 ’
395 1037 499 1086 Pag-
530 1034 623 1077 145.
651 1035 724 1076 lin.
755 1038 819 1077 11.
850 1035 916 1076 ἐπὶ
937 1034 1011 1088 τήν
1031 1033 1131 1076 noeto?
1147 1035 1306 1088 Λέσβον
1332 1032 1590 1088 Μήθυμναν]
1618 1034 1727 1074 Haec

286 1091 344 1129 sic
374 1090 596 1128 redduntur
614 1090 656 1127 in
678 1091 857 1128 versione
884 1092 1085 1130 Combefis.
1114 1092 1220 1142 apud
1246 1093 1334 1142 Pag.
1362 1091 1428 1130 IV.
1449 1095 1519 1135 28.
1545 1092 1601 1128 D:
1641 1093 1742 1129 Leo‘

290 1147 555 1198 Curopalata‚
587 1146 802 1197 „Nic-ephori
819 1148 918 1199 Imp.
934 1150 1087 1198 frater,
1114 1148 1364 1198 spletltymna,
1393 1162 1495 1199 quae
1510 1146 1632 1186 Lesbi
1658 1149 1727 1184 in-

285 1204 382 1240 sula
401 1209 458 1239 est
489 1201 532 1252 [l.
557 1202 681 1252 Metlz)
688 1217 826 1251 mnae,
857 1218 958 1255 qaae
973 1205 1094 1242 Lesbi
1114 1205 1271 1242 insulae
1287 1204 1383 1241 urb-5·
1406 1204 1484 1255 est]
1514 1226 1560 1232 —
1582 1201 1643 1240 ad
1659 1217 1727 1240 re-

285 1260 492 1297 bellionem
514 1260 697 1295 animum
719 1258 906 1300 advertit.

395 1313 497 1353 Ibat.
527 1315 598 1353 lin.
627 1318 693 1357 21.
720 1312 741 1355 ὃ
775 1313 968 1368 Πηλαμυς
997 1314 1192 1368 κέκληται]
1222 1276 1743 1357 08111.Π.677·Ῑ).κατα’

283 1368 328 1410 τό
345 1367 601 1420 προάστειον,
631 1368 653 1410 ὁ
669 1369 979 1423 κατονομαζουσι
998 1369 1272 1424 Πηλαμῦδιον.
1291 1371 1398 1422 Scyl.
1416 1384 1487 1408 ms.
1503 1369 1621 1409 habet
1639 1372 1726 1422 Πη-

281 1423 498 1533 λαμυῗαὲ
531 1481 623 1523 146.
654 1482 726 1519 lin.
756 1484 800 1523 8..
823 1478 893 1532 ἔφ’
914 1481 1057 1534 ἑστίας]
1078 1482 1190 1521 Verri
1211 1480 1346 1531 domi,
1374 1488 1422 1520 ut
1450 1484 1514 1523 19.
1533 1481 1576 1519 C.
1624 1481 1726 1520 Item

280 1537 387 1578 ἑστία
409 1551 480 1589 pro
504 1537 619 1574 domo
642 1541 708 1580 21.
729 1537 773 1577 A.
794 1541 862 1580 91.
878 1538 922 1575 Δ.
945 1540 1037 1581 103.
1055 1539 1099 1577 Β.
1122 1539 1166 1578 D.
1188 1541 1281 1580 106.
1303 1539 1348 1578 D.
1368 1542 1460 1581 109.
1478 1538 1524 1575 A.
1542 1538 1589 1575 D.
1609 1537 1725 1576 Prae.

279 1594 356 1632 ivit
378 1593 560 1644 Agathias
579 1597 644 1635 90.
669 1594 714 1630 D.

245 1671 275 1705 C
394 1663 497 1711 Pag.
529 1660 620 1702 147.
658 1660 729 1698 lin
768 1663 808 1703 9.
848 1656 945 1700 οσον
972 1658 1086 1701 ου’πω
1111 1656 1295 1713 βούλεται
1322 1659 1555 1712 τυραννεῖν]
1595 1659 1724 1698 Verba

282 1728 375 1756 οσον
397 1714 531 1765 οὔπω,
562 1718 753 1764 iamiam,
788 1716 912 1764 illico,
942 1717 1082 1767 quibus
1102 1716 1203 1754 nihil
1220 1722 1348 1768 potest
1367 1730 1449 1767 eque
1470 1716 1723 1767 frequentius,

281 1773 348 1809 vel
366 1773 470 1823 apud
489 1771 692 1822 Agathiam
720 1775 786 1814 80.
806 1772 851 1810 A.
879 1746 944 1815 93.
966 1774 1012 1812 D.
1046 1776 1139 1816 100.
1165 1773 1208 1812 Β.
1230 1772 1322 1814 164.
1341 1771 1386 1813 A.
1405 1773 1544 1810 mirere
1570 1772 1724 1823 saepius

280 1828 328 1864 ab
348 1828 629 1879 interp1etibus
656 1841 738 1865 non
765 1841 848 1866 esse
867 1828 1076 1867 intellecta.
1117 1829 1233 1867 Velut
1252 1828 1354 1879 apud
1376 1830 1417 1866 S.
1435 1827 1724 1866 Theodoretum

280 1883 443 1924 Encom.
469 1884 511 1921 in
538 1885 576 1922 S.
596 1885 731 1922 Ioann.
761 1884 876 1936 Bapt.
896 1885 943 1923 V.
964 1887 1030 1927 23.
1055 1886 1100 1923 D.
1123 1884 1208 1924 ἐπεὶ
1227 1883 1379 1935 ἔμελλεν
1405 1880 1500 1924 ’ὅσον
1523 1881 1638 1924 οὔπω
1654 1882 1724 1924 καὶ

280 1938 484 1989 παρθένος
502 1944 650 1980 τεκεῖν·
681 1940 804 1978 vertit
831 1941 1063 1990 Gau-nerins,
1092 1954 1185 1977 cum
1205 1942 1320 1991 virgo
1336 1942 1531 1990 paritura
1556 1946 1653 1976 esset
1663 1939 1723 1990 fi-

278 1994 610 2045 lium,quant1cs
637 1996 745 2033 alias
764 2010 874 2034 nemo
902 2003 1016 2033 esset:
1049 2009 1182 2034 sensus
1214 2002 1293 2045 est,
1323 2009 1438 2044 cum,
1469 1995 1560 2031 licet
1592 1996 1720 2046 virgo,

278 2055 409 2086 tamen
439 2064 527 2088 moi·
564 2059 661 2088 esset
683 2066 767 2103 par
768 2054 890 2090 itura.
945 2054 1077 2102 Neque
1110 2051 1249 2089 melius
1281 2025 1423 2090 ²vocem
1459 2063 1722 2102 synonymam

278 2116 373 2145 οσον
390 2102 545 2146 ουδὲπω
573 2108 680 2158 apud
700 2109 738 2148 S.
768 2108 954 2148 Athenas.
982 2108 1129 2146 Histor.
1155 2107 1290 2144 Arian.
1318 2107 1347 2143 Ι.
1370 2108 1465 2148 363.
1486 2107 1533 2145 A.
1553 2107 1722 2157 προσδο.

276 2175 426 2208 κωντες
451 2158 545 2202 όσον
570 2160 725 2203 ου’δέπω
755 2163 888 2215 μένειν
914 2186 971 2194 —
999 2163 1160 2216 γυμνοί·
1202 2161 1551 2202 Montefalconius:
1591 2175 1721 2213 exspe-

278 2223 466 2267 etantqzce
484 2232 524 2254 se
543 2240 594 2246 -—
613 2226 774 2256 tantum
792 2234 872 2256 non
892 2218 1068 2256 nudatos
1075 2220 1184 2268 fore
1226 2217 1484 2263 Vertendum,
1513 2231 1594 2254 Sese
1610 2219 1721 2255 iam-

275 2273 362 2308 iam
375 2271 471 2309 mad.
481 2275 524 2321 f.
536 2274 687 2310 Porr'o
675 2288 717 2311 m
731 2275 896 2324 Origene
906 2275 1070 2312 Exhort.
1081 2274 1131 2310 ad
1143 2280 1303 2324 martyr.
1315 2286 1407 2313 οσον
1427 2269 1584 2312 ουδέπω
1596 2269 1720 2326 πρόσ-

277 2342 387 2367 ωπον
405 2344 506 2379 προς
527 2325 739 2380 πρόσωπον
762 2331 936 2379 εἴσεσθε
959 2329 1195 2367 wetstenius
1219 2329 1309 2371 174.
1323 2330 1363 2367 C.
1389 2336 1585 2379 quantum
1600 2336 1719 2366 antea

274 2397 497 2435 nunquam,
516 2386 731 2433 tuncfacie
751 2385 809 2421 acl
808 2387 967 2434 faecem
983 2385 1192 2423 videbitis.-
1223 2385 1384 2422 Carolus
1399 2384 1562 2422 Delarue
1580 2384 1610 2422 I.
1621 2386 1716 2427 282.
1731 2430 1734 2433 Δ

273 2438 319 2478 Ι).
350 2441 590 2491 cognoscetis
612 2447 811 2490 quantum
837 2456 916 2478 non
938 2442 1138 2493 cognostcs
1158 2454 1360 2491 unquam,
1379 2441 1424 2488 f.
1449 2453 1583 2490 nempe
1600 2438 1659 2476 ad
1670 2440 1717 2488 fi

273 2494 550 2544 Reddendum,
587 2497 756 2532 iamiam
774 2495 961 2534 videbitis
984 2511 1073 2533 eum
1090 2497 1132 2545 f.
1155 2495 1212 2533 ad
1225 2499 1269 2546 f.
1325 2497 1377 2534 Et
1399 2496 1519 2546 paulo
1542 2500 1634 2546 post
1659 2495 1718 2532 sic

240 2550 485 2601 DOrigenes:
514 2548 595 2591 ὖπὸ
625 2553 748 2599 Θεοῦ,
780 2555 853 2591 τοῦ
875 2550 968 2592 ’ὅσον
989 2549 1145 2592 ου’δέπω
1174 2550 1245 2591 τόν
1263 2549 1463 2602 Ἀντίοχον
1482 2571 1529 2578 —-
1546 2550 1717 2601 βασανί-

275 2618 424 2654 σοντος.
463 2609 651 2648 Wetsten.
674 2609 764 2649 186.
791 2608 831 2645 C.
854 2621 881 2644 a
899 2609 986 2645 Deo
1005 2610 1077 2658 qui
1101 2607 1350 2658 aliquando,
1371 2606 1472 2657 plus
1496 2619 1620 2656 quam
1637 2619 1717 2642 un-

275 2675 421 2712 quam,
463 2664 596 2714 ipsum
622 2662 869 2700 Antiochum
887 2685 931 2692 -—
958 2671 1143 2701 tersurus
1166 2666 1231 2704 sit.
1273 2664 1434 2701 Delarue
1461 2664 1555 2703 289.
1576 2661 1618 2698 E.
1643 2662 1717 2711 qui

273 2718 434 2755 insolito
463 2733 580 2756 more.
635 2719 774 2768 Verte,
815 2720 886 2770 qui
913 2733 1001 2756 mox
1023 2741 1078 2748 —
1102 2721 1157 2756 sit
1183 2727 1377 2757 tonsurus,
1437 2716 1624 2754 Similiter
1652 2716 1715 2754 vis

271 2772 485 2813 locutionis
517 2771 611 2816 ου’δὲ
636 2771 732 2816 ὅσον
761 2775 863 2826 fugit
892 2775 1117 2814 Montefalc.
1147 2775 1190 2812 in
1223 2776 1263 2814 S.
1290 2774 1475 2812 Athana&
1519 2771 1568 2809 In
1599 2771 1714 2821 illud,
