1734 3028
263 142 363 192 614
721 150 770 195 C.
799 150 847 194 B.
875 147 1029 193 HASII
1055 149 1260 196 NOTAE

378 244 480 297 Ib'id.
508 254 580 295 lin.
611 257 676 297 17.
704 251 963 305 ἔφιστῶντας]
987 251 1190 292 Eiusmodi
1203 250 1347 295 for'mas
1367 254 1409 294 in
1429 250 1490 296 ἇω
1505 268 1595 294 cum
1613 255 1716 295 seri-

266 317 360 364 ptor
391 317 525 350 noster
551 316 636 349 tum
670 311 737 348 alii
756 310 868 348 huius
889 309 1026 347 aetatis
1048 309 1172 348 multo
1189 310 1311 362 magis
1326 311 1576 364 frequentant
1596 325 1716 363 quam

266 368 388 407 verba
405 368 448 405 in
466 382 522 420 μι.
562 367 628 405 Sic
645 367 799 420 διϊστᾷν
821 369 912 408 122.
931 366 975 406 Β.
994 364 1160 418 ἐφιστᾷν
1179 370 1272 413 121.
1289 367 1335 406 Β.
1353 368 1400 407 D.
1424 367 1599 420 ἐφιστῶν
1618 368 1712 410 146-

270 423 319 463 A.
338 423 431 467 152.
453 424 494 463 C.
515 425 711 478 καθιστᾷν
735 425 827 464 122.
845 423 894 462 D.

119 482 159 517 Ρ·
182 482 252 519 266
383 493 488 542 Pag.
519 492 611 532 188.
641 489 710 528 lin.
742 492 807 531 10.
834 488 879 528 αἱ
892 488 1035 541 χῶραι]
1057 488 1144 527 Hoc
1163 494 1234 538 est,
1245 489 1362 540 plebs·
1373 503 1555 542 pagana,
1565 488 1716 527 habita.

269 552 374 586 tores
388 547 566 585 vicorum
583 558 682 596 quos
694 545 817 597 χωρία
827 551 944 583 vocat
958 548 1037 587 127
1041 574 1049 583 .
1063 546 1105 583 Β.
1123 546 1290 598 χωρίτας
1305 549 1394 588 126.
1413 547 1455 584 Β.
1469 548 1559 588 133.
1570 546 1610 583 C.
1623 547 1715 588 158.

268 603 311 644 Β.
344 598 553 654 οἰκήτορας
571 604 650 641 τῶν
676 601 834 653 χωρίων
854 603 946 643 132.
966 602 1011 639 Β.
1036 604 1127 643 140.
1153 601 1195 640 Α.
1217 599 1312 650 τούς
1329 604 1409 642 τῶν
1433 602 1587 655 χωρίων
1605 601 1716 641 πολί-

269 675 339 706 τας
371 662 464 701 160.
484 658 523 695 C.
579 657 650 695 Est
675 657 778 695 enim
792 658 937 709 χωρίον
956 657 1060 708 apud
1084 657 1254 695 Graecos
1274 657 1393 696 medii
1414 658 1499 697 aevi
1516 663 1716 696 recentes-

270 729 348 766 que
381 716 519 758 vicus,
540 728 704 765 pagus,
732 719 776 751 ut
804 713 869 751 vel
897 726 947 751 ex
974 713 1143 751 'raeticis
1171 713 1385 765 Nicephori
1402 714 1527 765 liquet
1556 714 1701 756 152.D

272 771 364 814 159.
396 771 436 810 C
468 769 691 820 Ducangius
719 766 967 807 Glossar·11
988 769 1107 811 1774.
1126 769 1171 807 D.
1229 769 1348 818 Quod
1367 784 1448 808 non
1465 770 1715 808 animadver-

269 827 320 864 fit
346 826 526 865 Reiskius
555 826 807 864 constantin.
822 824 1065 876 Porphyrog.
1099 824 1265 867 Caerim.
1283 826 1366 864 aul.
1384 827 1547 879 Byzant.
1566 826 1597 864 Ι.
1618 825 1713 869 258.

268 883 314 924 A.
334 880 383 923 τὰ
400 883 523 934 χωρία
547 884 725 934 regiones
748 881 1040 932 interpretatus.

381 947 483 989 Ibtd.
513 948 583 986 lin.
615 951 679 990 11.
707 963 786 988 των
807 945 1117 1002 ἔκσπηλατόρων]
1146 911 1467 1016 'Enonnldtoos3‚
1484 962 1566 999 seu,
1593 955 1639 988 ut
1658 961 1722 987 sea

269 1003 442 1043 cundum
480 1004 754 1056 etymologiam
781 1004 1030 1043 scribendum
1054 1003 1216 1055 fuisset,
1240 1001 1511 1059 ἔξπιλᾶτορες,
1539 1005 1716 1058 expressi

266 1061 311 1098 in
335 1060 512 1099 versione
533 1066 686 1099 servato
702 1060 860 1098 nomine
880 1061 1137 1112 expilatores.-
1155 1062 1288 1114 possis
1300 1067 1431 1100 tamen
1452 1074 1609 1113 quoque
1625 1074 1716 1101 ver-

265 1123 350 1155 tere
373 1118 648 1156 exinanitorae.
705 1116 804 1154 Nam
822 1117 928 1168 quod
945 1117 1142 1156 faciebant
1160 1118 1203 1158 οἱ
1220 1112 1514 1171 ἐκσπηλᾶτορες,
1541 1123 1587 1156 ut
1605 1117 1716 1156 mul-

264 1173 473 1211 titudinem
491 1186 693 1224 paganam,
720 1186 872 1223 greges,
892 1174 1021 1211 omnia
1040 1174 1210 1225 (lenique
1227 1187 1277 1212 ex
1295 1174 1402 1225 agris
1413 1174 1456 1212 in
1476 1174 1565 1212 loca
1584 1173 1716 1211 muni-

264 1235 306 1266 ta
319 1229 610 1280 compellerent,
630 1242 727 1266 voce
737 1229 1298 1280 propriavocaturexmamre
1329 1229 1480 1268 Hirtius
1497 1229 1594 1268 Bell.
1611 1229 1716 1268 Afri-

265 1298 351 1324 can.
377 1298 463 1336 cap.
490 1289 559 1328 20.
622 1285 757 1336 Neque
781 1286 894 1323 aliter
922 1286 1100 1324 Reiskius
1120 1287 1283 1338 exponit
1301 1299 1439 1324 vocem
1459 1281 1715 1337 ἐκσπηλεύειν

268 1341 468 1379 Constant.
486 1340 730 1392 Porphyrog.
752 1341 967 1379 Caerimon.
987 1342 1163 1394 Byzant.
1160 1343 1204 1381 -.1
1228 1342 1322 1385 258.
1344 1343 1388 1380 D.
1412 1342 1714 1380 Substantivum

264 1393 519 1463 ἔκσπηλάτωρ
549 1395 669 1435 habes
704 1403 860 1452 praetei
887 1396 996 1436 hunc
1026 1398 1161 1438 locum
1187 1401 1280 1442 127.
1306 1398 1352 1437 Β.
1375 1398 1542 1437 verbum
1565 1397 1713 1450 ἐκσπη-·

265 1450 395 1494 λεύειν
428 1467 458 1492 s.
479 1449 698 1501 ἐξπιλευειν
722 1455 813 1495 139.
834 1453 882 1492 A.
902 1454 1053 1496 157AE

229 1521 294 1614 ΒΕ
381 1523 478 1571 Pag-
509 1523 598 1563 190.
626 1521 698 1558 lin
730 1524 801 1563 12.
826 1513 1163 1574 προσανωφερής]
1193 1519 1350 1558 Omissa
1388 1525 1448 1559 est
1482 1519 1526 1558 in
1539 1519 1711 1585 ,Lexicis

295 1589 364 1614 aec
391 1589 486 1615 vox.

375 1645 481 1695 Pag.
514 1647 604 1687 191.
633 1642 706 1682 lin.
738 1644 801 1684 18.
831 1639 938 1691 απαξ
966 1640 1011 1683 δὲ
1036 1641 1103 1684 ἐπὶ
1130 1644 1202 1683 τοῦ
1223 1643 1348 1685 καλοῦ
1364 1637 1727 1695 βασιλέωςῬωμαέ

262 1702 355 1748 νοῦ]
387 1701 441 1737 De
458 1699 536 1737 hoc
554 1698 700 1750 praelio
718 1699 858 1737 Leonis
878 1698 1027 1737 Phocae
1045 1705 1185 1737 contra
1200 1698 1495 1737 Chambdanum
1511 1699 1602 1738 vide
1612 1700 1710 1737 Leo·

260 1769 351 1794 nem
380 1756 597 1794 Diaconum
618 1768 736 1807 supra
760 1757 825 1797 13.
854 1755 900 1793 A.
924 1761 963 1793 et
980 1762 1092 1793 notas
1112 1768 1215 1793 meas
1238 1757 1331 1797 199.
1349 1754 1394 1792 D.

371 1825 599 1875 Pag.192.
628 1823 699 1861 lin.
731 1824 795 1864 16.
824 1821 1152 1873 κατακοπιωντες]
1184 1820 1370 1859 Conieci·
1358 1832 1400 1858 in
1422 1819 1606 1871 margine,
1634 1835 1709 1861 κα-

259 1875 427 1919 τᾶκοποι
456 1877 573 1926 ὄντες.
631 1879 696 1916 810
726 1879 816 1920 132.
850 1877 898 1915 Α.
920 1892 990 1917 τον
1016 1875 1112 1918 λαὸν
1135 1875 1263 1917 αυτοῦ
1279 1891 1504 1916 κατακοπον
1524 1873 1640 1917 ὅντα·
1669 1882 1710 1915 et

259 1931 504 1982 κατακόπους
525 1935 615 1976 140.
635 1933 678 1974 Β.
700 1934 753 1971 De
772 1946 873 1972 voce
890 1930 1133 1982 κατάκοπος,
1139 1933 1220 1971 ab
1230 1932 1316 1971 aliis
1333 1944 1489 1984 quoque
1506 1939 1707 1984 usurpata,

257 1989 349 2027 vide
375 1989 704 2042 Lexicographos.

367 2047 471 2096 Pag·
503 2048 595 2089 193.
624 2047 696 2085 lin.
726 2048 791 2087 11
821 2039 1127 2097 απαρόπλιστοι]
1156 2043 1401 2083 Vocabulum
1434 2043 1612 2081 nondum
1638 2056 1707 2081 re-

211 2146 215 2152 ·
255 2106 413 2151 ceptum
429 2101 472 2138 in
491 2102 654 2150 Lexica,
686 2115 708 2138 a
728 2102 967 2155 παροπλίζω,
997 2114 1168 2150 exarmO,
1197 2100 1305 2152 quod
1322 2105 1461 2137 notum
1480 2104 1550 2137 est.
1606 2099 1707 2138 Vide

253 2155 359 2194 infra
391 2157 431 2196 C.
465 2172 778 2210 παριππαρατος.

363 2213 470 2263 Pag
502 2213 593 2255 194.
625 2214 695 2250 lin
726 2216 790 2255 12.
822 2209 871 2252 τα
900 2207 1090 2265 λεγόμενα
1118 2205 1387 2263 μονόκουρσα]
1418 2206 1704 2262 Μονόκουρσα,

251 2272 299 2305 ut
323 2273 432 2319 patet
458 2281 507 2305 ex
537 2268 635 2305 serie
663 2268 871 2314 orationis,
903 2275 1018 2316 sunt,
1049 2266 1206 2318 quando
1234 2265 1407 2303 hostium
1440 2265 1590 2317 equites
1613 2264 1703 2315 soli,

252 2322 396 2374 absque
418 2323 605 2375 peditatu,
624 2324 887 2361 incursionem
907 2324 1073 2362 faciunt.
1104 2323 1174 2360 Est
1190 2322 1294 2360 enim
1309 2324 1478 2373 κοῦρσος
1492 2334 1562 2359 seu
1583 2323 1704 2373 κοῦρ-

251 2391 324 2419 σον
342 2379 544 2431 impressio
564 2379 765 2417 subitaria.
822 2380 940 2426 Quod
972 2392 1054 2416 non
1075 2378 1272 2416 intellexit
1291 2378 1484 2428 interpres
1502 2375 1705 2414 Achmetis·

250 2435 431 2474 Onir‘ocr.
451 2439 544 2478 261.
557 2434 602 2473 A.
621 2431 815 2475 ἐλεύσεται
833 2431 977 2487 ἐχθρός
991 2435 1113 2485 δίκην
1134 2430 1319 2486 κούρσου,
1338 2433 1507 2471 ridicule
1525 2432 1699 2482 vertens,
1724 2449 1728 2453 ·

249 2493 381 2528 instar
400 2491 642 2529 animalculi
665 2490 819 2527 vitibus
842 2493 926 2540 infe
907 2492 991 2539 esti,
1022 2488 1134 2541 quod
1152 2503 1306 2527 cereum
1327 2496 1486 2526 vocant.

210 2550 244 2585 0
362 2548 468 2599 Pag'-
500 2550 591 2590 196-
621 2547 693 2584 lin.
722 2543 881 2592 9-10139
910 2547 1138 2598 τραπεζίτας
1173 2539 1445 2596 αποστέλλειν]
1475 2543 1532 2580 De
1558 2547 1700 2593 trape-

246 2602 350 2652 zitis,
378 2616 546 2655 quorum
566 2603 643 2641 iam
661 2614 780 2653 supra
799 2601 945 2639 mentio
964 2602 1069 2639 facta
1088 2607 1146 2639 est
1162 2604 1255 2644 121.
1274 2602 1319 2640 D.
1339 2600 1431 2639 vide
1451 2597 1698 2649 Ducangium

250 2657 451 2698 Glossario
478 2659 531 2697 ΙΙ.
558 2659 679 2702 1535.
708 2658 752 2696 Β.

355 2717 462 2766 Pag·
499 2717 590 2757 197.
619 2715 689 2753 lin.
722 2717 785 2757 13.
812 2727 907 2760 τους
943 2691 1290 2766 παρασυρτάτους]
1319 2710 1377 2749 De
1400 2709 1463 2749 his
1495 2709 1587 2750 vide
1608 2709 1697 2747 Du·-

243 2782 352 2820 cang.
377 2771 504 2809 Gloss.
523 2770 641 2813 1494.
662 2770 707 2811 A.
731 2775 824 2814 sunt
843 2769 910 2820 qui
926 2782 1047 2821 equos
1066 2768 1287 2808 dextrarios
1309 2767 1476 2805 ducunt.
1531 2765 1598 2804 Sic
1618 2779 1695 2806 πα·
