1768 3034
281 139 376 188 124
752 146 952 192 LEOMS
979 147 1212 190 DIACONI

66 259 103 291 Α.
123 259 166 292 Μ.
183 257 272 296 6479
285 249 463 309 ἀπάρας,
501 253 603 296 κατὰ
631 251 815 310 πρύμναν
848 252 1058 306 ἱσταμένου
1087 257 1160 295 τοῦ
1188 251 1431 308 πνεύματος,
1478 253 1592 312 ἔρωτι
1619 272 1690 298 τυ-

109 306 176 338 Iud·
194 303 237 342 14
283 321 463 374 ραννίὸος
491 320 672 363 ἀποπλέει
701 323 756 370 εἷς
782 320 828 362 τὸ
854 318 1084 370 Βυζάντιον.
1130 320 1200 363 τὸν
1230 321 1294 372 δὲ,
1331 326 1388 378 τῷ
1417 321 1589 380 ἀπαισίῳ
1618 327 1691 376 τῆς

245 386 461 441 Βάγγελίας
496 385 832 443 περιαλγήσαντα,
881 388 1070 428 διαλῦσαί
1092 403 1134 428 τε
1168 386 1238 429 τὸν
1265 389 1560 441 συνασπισμὸν,
1608 391 1687 441 καὶ,

276 457 385 495 νῶτα
414 460 497 502 τοῖς
526 457 688 502 ΖΙΙυσοῖς
715 452 858 504 δόντα,
906 454 1128 507 ἐπείγεσθαι
1156 454 1256 509 πρὸς
1283 455 1355 509 τὴν
1381 453 1685 508 βασιλεύουσαν,

277 519 318 562 εἶ’
330 537 414 568 πως
435 520 504 562 τὸν
526 525 596 562 τοῦ
614 519 817 572 Ῥωμανοῦ
836 518 1073 575 προτερήσοι
1099 521 1307 573 ἐπίπλουν,
1345 522 1410 563 καὶ
1430 526 1503 575 τῆς
1520 519 1723 576 ‘Ponat-5

277 591 348 640 κῆς
367 585 575 640 ἡγεμονίας
597 587 785 642 ἐγκρατὴς
811 587 973 641 γένοιτο.
1019 587 1088 628 τὸν
1108 589 1151 629 δὲ
1177 588 1364 641 Συμεών,
1401 588 1475 642 τὴν
1503 587 1691 645 ἀπροφά-

277 669 412 694 σιστον
434 655 498 693 καὶ
525 652 741 695 ἀλλόκοτον
769 652 906 694 ἰδόντα
921 651 1125 706 Ῥωμαίων
1151 655 1280 710 φυγὴν
1287 688 1302 707 ,
1339 654 1539 697 ἐνδοιάσαι
1559 657 1631 709 μὲν
1651 657 1691 705 ἔς

275 720 320 761 τὸ
349 721 597 775 παραυτίκα,
632 719 689 774 μή
717 737 754 761 τι
783 718 1098 775 σκαιωρούμενον
1125 720 1206 774 εἴη,
1244 723 1310 762 καὶ
1338 722 1507 778 ὄλεθρος
1527 726 1690 772 Μυσοῖς

274 786 547 839 ἐπισπομένοις
572 788 788 841 ἐγγένηται·
823 785 1012 840 μαθόντα
1034 788 1076 828 δὲ
1096 786 1172 829 ἀνὰ
1192 786 1338 843 κράτος
1355 787 1509 844 φεύγειν
1527 790 1685 841 αὐτοὺς,

274 853 444 894 ἕπεσθαί
459 870 514 905 τε,
553 856 617 894 καὶ
638 853 777 909 ἄπειρα
798 852 934 907 πλήθη
957 853 1157 908 συγκόψαι
1181 854 1365 909 ἀνηλεῶς.
1412 858 1477 898 καὶ
1494 861 1564 898 νῦν
1583 859 1688 898 ἐστὶν
1700 867 1744 900 10

275 918 372 978 ὃρᾷν
391 921 505 962 εἰσέτι
527 922 692 976 σωρειάς
711 921 838 962 ὀστῶν
859 920 968 976 παρὰ
988 921 1060 974 τὴν
1083 920 1309 975 Ἀγχίαλον,
1346 923 1452 964 καθ’
1473 922 1523 977 ἢν
1543 923 1689 972 ἀκλεῶς

274 986 466 1040 συνεκόπη
487 985 575 1029 τότε
594 991 738 1043 φεῦγον
757 992 837 1029 τῶν
852 985 1123 1040 Ῥωμαίωντὸ
1154 987 1393 1043 στράτευμα.
1442 987 1462 1031 ὃ
1484 990 1528 1031 δὲ
1549 990 1685 1042 Λέων,

240 1054 432 1109 Οὲπείπερ
459 1051 748 1110 ὖστέρησεἼῆς
779 1057 831 1102 εἷς
853 1054 899 1096 τὸ
925 1053 1144 1104 Βυζάντιον
1172 1055 1359 1110 ἀφίξεως,
1397 1058 1462 1097 καὶ
1492 1061 1564 1111 τῆς
1581 1058 1689 1098 ἐλπί-

58 1125 129 1156 Fol.
152 1124 221 1160 806
241 1122 349 1168 ν.ὃος
369 1119 594 1176 ἡμάρτανεν
613 1119 740 1177 (ἔφθη
759 1121 833 1176 γὰρ
864 1119 884 1162 ὅ
902 1119 1104 1173 Ῥωμανός
1126 1121 1197 1175 τὴν
1226 1123 1426 1175 βασίλειον
1460 1121 1594 1165 ἕστιάν
1615 1141 1688 1165 κα-

272 1187 467 1243 τειληφώς
479 1189 544 1228 καὶ
561 1188 708 1243 Πατὴρ
728 1187 932 1236 Βασιλέως
951 1187 1224 1245 ἀναῤῥηθείς),
1247 1189 1287 1238 ἒς
1305 1189 1376 1243 τὴν
1386 1189 1523 1231 Ἀσίαν
1536 1191 1602 1232 διὰ
1615 1195 1687 1244 τῆς
1699 1201 1741 1236 15

265 1253 438 1307 ,Ἀβύδου
457 1256 703 1309 περαιωθεὶς,
725 1255 824 1310 πρὸς
838 1255 1085 1296 ἀποστασίαν
1098 1254 1286 1307 ἀπέκλινε,
1300 1258 1365 1297 καὶ
1380 1257 1508 1298 πολλοὶ
1524 1262 1580 1314 τῷ
1589 1256 1687 1299 Ῥω-

270 1325 385 1376 μανῷ
407 1322 473 1361 καὶ
492 1325 540 1376 τῇ
561 1323 735 1379 πολιτείᾳ
760 1322 929 1377 παρέσχε
948 1319 1163 1376 πράγματα
1171 1353 1185 1374 ,
1216 1323 1479 1377 κατατρέχων,
1507 1325 1573 1365 καὶ
1592 1324 1687 1373 τοὺς

271 1387 451 1441 ἐτησίους
469 1386 620 1442 φόρους
643 1387 954 1443 ἀφαιρούμενος,
985 1388 1159 1436 καὶτοὺς
1181 1388 1587 1442 ἀντικαθισταμένους
1601 1408 1685 1444 χει-

271 1452 471 1509 ρούμενος.
494 1454 571 1507 ἤδη
584 1455 626 1495 δὲ
638 1459 692 1510 τῷ
702 1453 835 1511 χρόνῳ
849 1459 920 1496 τοῦ
939 1458 1150 1510 λῃστρικοῦ
1162 1457 1532 1508 διασκεδασθέντος,
1548 1459 1614 1498 καὶ
1631 1460 1686 1506 εἷς

268 1520 490 1574 τοῦμπαλιν
508 1520 617 1577 αὐτῷ
633 1519 978 1575 ὑπονοστήσαντος
988 1525 1059 1562 τοῦ
1075 1521 1360 1575 βουλεύματος,
1382 1523 1740 1581 φυγαδείᾳχρή-ω
1764 1520 1768 1533 ³

267 1592 435 1639 σασθαι,
459 1589 790 1642 συλληφθῆναίτε
809 1589 873 1629 καὶ
894 1588 1011 1641 ὠμῶς
1020 1589 1300 1643 ἐκκεντηθῆναι
1318 1590 1413 1638 τοὺς
1431 1590 1681 1646 ὀφθαλμούς,

232 1673 264 1707 D
371 1663 421 1719 η’.
452 1665 570 1707 Ἀλλὰ
589 1670 716 1707 ταῦτα
732 1667 804 1719 μὲν
825 1664 963 1715 οὕτως.
1003 1669 1127 1725 mmm}
1150 1668 1193 1709 δὲ
1218 1668 1448 1725 ἐπειγομένῳ
1468 1673 1683 1723 τηνικαῦτα

356 1761 410 1794 11.
441 1758 566 1795 ὀστῶν.
598 1760 678 1793 vid.
699 1772 799 1804 supra
819 1762 869 1796 13.
893 1761 936 1794 D.
998 1758 1186 1805 Ἀγχίαλον.
1215 1761 1384 1795 cedrenus
1401 1762 1445 1795 ΙΙ.
1508 1763 1564 1796 22.
1585 1759 1682 1798 Ἀλλοὶ

353 1822 398 1828 —
417 1807 524 1849 Φωκᾷ
546 1803 596 1839 δέ.
645 1805 703 1838 Sic
726 1806 908 1839 emendavi.
945 1806 985 1839 In
1005 1808 1130 1840 Codice
1146 1811 1215 1841 est:
1238 1804 1333 1841 Ἀλλά
1351 1808 1467 1841 ταῦτα
1487 1805 1569 1849 μὲν·
1594 1807 1680 1850 (sic)

356 1851 464 1895 Φωκᾷ
484 1851 679 1893 τηνικαῦτα
696 1863 727 1883 κ.
745 1863 775 1884 τ.
797 1854 826 1884 λ.
872 1852 986 1884 Possis
1002 1856 1111 1885 tamen
1138 1863 1268 1897 quoque
1288 1852 1457 1893 scribere,
1478 1850 1578 1887 Ἀλλοὶ
1602 1849 1681 1888 τότε

352 1892 419 1937 μὲν
440 1897 546 1942 Φωκᾷ
569 1893 623 1930 ἐπ.
673 1895 747 1929 Vid.
766 1895 855 1928 infra
870 1897 938 1932 320
959 1901 1064 1931 recto.

266 1971 374 2016 passis
399 1972 482 2005 velis
503 1972 822 2017 Constantinopolim
843 1984 1042 2017 properare,
1067 1985 1107 2006 eo
1131 1973 1279 2014 consilio,
1302 1976 1340 2006 ut
1356 1973 1527 2017 imperium
1542 1976 1684 2017 appete-

265 2020 329 2049 ret.
374 2016 439 2049 Hic
463 2028 541 2049 vero
560 2018 720 2058 Leonem,
744 2019 864 2051 acerbo
880 2019 1000 2051 nuncio
1017 2018 1166 2061 graviter
1183 2018 1356 2060 affectum,
1379 2018 1511 2051 ordines
1530 2019 1681 2059 solvisse,

265 2064 321 2100 et,
349 2062 446 2103 terga
468 2062 592 2095 Moesis
609 2063 759 2103 dantem,
782 2064 847 2096 iter
869 2063 911 2095 ad
929 2063 1075 2107 reginam
1095 2062 1224 2095 urbium
1241 2062 1420 2104 direxisse,
1446 2063 1474 2095 si
1489 2063 1587 2103 forte,
1609 2063 1681 2096 Ro-

263 2105 351 2140 mani
378 2105 620 2149 navigationem
649 2108 886 2150 praevenienti,
909 2107 982 2151 ipse
1002 2107 1226 2140 ‘moderamina
1241 2107 1416 2140 invaderet
1432 2107 1482 2140 rei
1500 2107 1678 2141 Romanae.

263 2150 459 2189 Simeonem,
481 2161 564 2192 cum,
587 2152 724 2194 ignarus
745 2160 876 2191 causae,
898 2152 1089 2186 insolentem
1106 2151 1324 2184 Romanorum
1342 2162 1530 2194 regressum
1547 2152 1678 2195 conspi—

262 2198 373 2235 ceret,
404 2195 508 2238 primo
529 2196 746 2239 suspicionem
764 2197 929 2237 habuisse,
952 2208 993 2229 ne
1009 2196 1089 2240 quid
1102 2195 1169 2228 doli
1189 2196 1350 2237 subesset,
1377 2201 1412 2228 et
1430 2196 1564 2229 exitium
1581 2197 1678 2230 Moe-

264 2239 310 2273 sis
332 2239 580 2283 insequentibus
607 2246 801 2284 pararetur:
833 2252 926 2282 mox,
950 2241 1006 2273 ubi
1028 2241 1134 2274 effusa
1156 2241 1237 2282 fuga
1254 2251 1354 2273 ruere
1371 2241 1602 2284 comperisset,
1625 2241 1678 2274 in—

263 2288 415 2317 secutum
437 2284 599 2317 infinitam
624 2285 861 2318 multitudinem
887 2286 1065 2318 crudeliter
1088 2284 1260 2317 occidisse.
1307 2285 1355 2318 Et
1371 2285 1616 2328 conspiciuntur
1634 2285 1677 2319 ad

263 2329 458 2363 hodiernum
474 2329 560 2362 diem
584 2330 695 2362 acervi
713 2330 831 2362 ossium
852 2330 894 2363 ad
912 2329 1103 2363 Anchialum
1114 2354 1124 2369 ‚
1147 2329 1203 2361 ubi
1224 2333 1303 2361 tunc
1324 2329 1457 2372 fugiens
1473 2341 1589 2363 caesus
1604 2333 1677 2362 tur-

264 2373 354 2418 piter
368 2373 586 2407 Romanorum
611 2375 776 2407 exercitus
793 2378 855 2409 est.
901 2375 982 2415 Leo,
1007 2374 1095 2418 quod
1113 2373 1219 2406 serius
1238 2373 1557 2417 Constantinopolim
1574 2374 1675 2406 adve-

264 2422 381 2459 nerat,
416 2430 477 2463 spe
501 2418 651 2451 deiectus
675 2420 759 2461 (iam
787 2420 872 2452 enim
900 2420 1064 2452 Romanus
1088 2418 1210 2461 palatio
1237 2423 1398 2462 occupato
1417 2419 1520 2452 Pater
1535 2417 1675 2461 Augusti

263 2463 483 2507 proclamatus
498 2463 599 2507 erat),
615 2464 651 2496 in
665 2464 775 2496 Asiam
791 2464 1008 2507 perAbydum
1023 2467 1233 2495 transvectus
1248 2462 1466 2496 defectionem
1482 2463 1575 2502 fecit,
1593 2462 1675 2494 mul-

263 2512 366 2551 taque
390 2508 548 2553 posthaec
577 2513 613 2541 et
626 2509 771 2542 Romano
794 2514 828 2540 et
845 2508 1047 2551 reipublicae
1067 2507 1201 2550 negotia
1214 2508 1407 2547 facessivit,
1430 2512 1497 2540 tum
1513 2506 1674 2540 incursio-

262 2552 378 2593 nibus,
411 2557 483 2586 tum
500 2553 629 2586 tributa
645 2564 751 2586 annua
765 2552 1006 2595 intercipiendo
1019 2576 1028 2591 ,
1050 2552 1133 2584 fusis
1153 2552 1209 2594 qui
1227 2557 1343 2585 contra
1358 2552 1559 2585 nitebantur.
1603 2551 1674 2583 Iam

262 2608 342 2629 vero
353 2622 363 2637 ‚
388 2597 599 2641 praedatoria
614 2597 684 2630 eius
700 2609 799 2630 manu
815 2597 954 2629 decursu
973 2596 1130 2639 temporis
1147 2596 1296 2640 dilapsa,
1320 2607 1392 2629 cum
1409 2596 1578 2628 consilium
1594 2605 1673 2627 con-

260 2644 314 2673 tra
338 2642 442 2685 ipsius
464 2643 659 2675 sententiam
677 2642 798 2675 exitum
820 2641 1010 2681 habuisset,
1041 2651 1113 2674 eum
1130 2641 1232 2684 fugae
1250 2652 1287 2674 se
1303 2640 1561 2680 commendasse,
1584 2649 1672 2672 com-

261 2685 521 2731 prehensumque
542 2687 671 2721 effossis
690 2686 795 2720 oculis
814 2685 992 2723 crudeliter
1009 2690 1228 2719 excaecatum.

349 2744 381 2776 8.
404 2743 524 2777 Leonis
552 2743 688 2777 rebellio
715 2743 800 2777 hunc
817 2741 849 2774 in
864 2740 994 2775 modum
1009 2740 1209 2785 conquievit.
1253 2739 1397 2774 Phocam
1413 2740 1520 2774 autem
1532 2741 1613 2773 tunc
1629 2738 1673 2771 ad
