<?xml version="1.0" encoding="UTF-8"?>
<!DOCTYPE html PUBLIC "-//W3C//DTD XHTML 1.0 Transitional//EN"
    "http://www.w3.org/TR/xhtml1/DTD/xhtml1-transitional.dtd">
<html xmlns="http://www.w3.org/1999/xhtml" xml:lang="en" lang="en">
 <head>
  <title>
</title>
<meta http-equiv="Content-Type" content="text/html;charset=utf-8" />
  <meta name='ocr-system' content='tesseract 3.04.00' />
  <meta name='ocr-capabilities' content='ocr_page ocr_carea ocr_par ocr_line ocrx_word'/>
</head>
<body>
  <div class='ocr_page' id='page_1' title='image "./corpusscriptorum33niebuoft/corpusscriptorum33niebuoft_0128.png"; bbox 0 0 1768 3034; ppageno 0'>
   <div class='ocr_carea' id='block_1_1' title="bbox 317 125 1272 174">
    <p class='ocr_par' dir='ltr' id='par_1_1' title="bbox 317 125 1272 174">
     <span class='ocr_line' id='line_1_1' title="bbox 317 125 1272 174; baseline -0.004 0"><span class='ocrx_word' id='word_1_1' title='bbox 317 126 380 174; x_wconf 81' lang='lat'><em>84</em></span> <span class='ocrx_word' id='word_1_2' title='bbox 802 128 952 173; x_wconf 65' lang='grc' dir='ltr'><em>[ΕΘΝ</em></span> <span class='ocrx_word' id='word_1_3' title='bbox 954 127 1002 172; x_wconf 90' lang='lat' dir='ltr'><em>IS</em></span> <span class='ocrx_word' id='word_1_4' title='bbox 1038 125 1272 170; x_wconf 86' lang='lat' dir='ltr'>DIACONI</span> 
     </span>
    </p>
   </div>
   <div class='ocr_carea' id='block_1_2' title="bbox 106 229 1768 1830">
    <p class='ocr_par' dir='ltr' id='par_1_2' title="bbox 106 229 1745 562">
     <span class='ocr_line' id='line_1_2' title="bbox 106 229 1743 298; baseline -0.002 -20"><span class='ocrx_word' id='word_1_5' title='bbox 106 249 137 279; x_wconf 80' lang='grc' dir='ltr'><em>Α.</em></span> <span class='ocrx_word' id='word_1_6' title='bbox 162 247 202 278; x_wconf 78' lang='lat' dir='ltr'><em>M.</em></span> <span class='ocrx_word' id='word_1_7' title='bbox 220 243 309 279; x_wconf 79' lang='lat'><strong>6478</strong></span> <span class='ocrx_word' id='word_1_8' title='bbox 321 237 521 298; x_wconf 71' lang='grc' dir='ltr'><em>φερούσης</em></span> <span class='ocrx_word' id='word_1_9' title='bbox 542 237 637 281; x_wconf 80' lang='grc' dir='ltr'><em>ὅδοῢ</em></span> <span class='ocrx_word' id='word_1_10' title='bbox 648 271 661 290; x_wconf 91' lang='grc'><em>,</em></span> <span class='ocrx_word' id='word_1_11' title='bbox 680 238 748 280; x_wconf 63' lang='grc' dir='ltr'><em>*ίνα</em></span> <span class='ocrx_word' id='word_1_12' title='bbox 766 235 787 279; x_wconf 81' lang='grc' dir='ltr'><em>ὃ</em></span> <span class='ocrx_word' id='word_1_13' title='bbox 810 241 883 291; x_wconf 76' lang='grc' dir='ltr'><em>τῆς</em></span> <span class='ocrx_word' id='word_1_14' title='bbox 902 235 1059 292; x_wconf 73' lang='grc' dir='ltr'><em>Σοςιίας</em></span> <span class='ocrx_word' id='word_1_15' title='bbox 1076 234 1195 288; x_wconf 62' lang='grc' dir='ltr'><em>λιμὴν</em></span> <span class='ocrx_word' id='word_1_16' title='bbox 1211 232 1405 289; x_wconf 73' lang='grc' dir='ltr'><em>ἥπλωται,</em></span> <span class='ocrx_word' id='word_1_17' title='bbox 1426 234 1497 277; x_wconf 81' lang='grc' dir='ltr'><em>τὸν</em></span> <span class='ocrx_word' id='word_1_18' title='bbox 1512 229 1660 276; x_wconf 71' lang='grc' dir='ltr'><em>τούτου</em></span> <span class='ocrx_word' id='word_1_19' title='bbox 1678 249 1743 275; x_wconf 85' lang='grc' dir='ltr'><em>νε-</em></span> 
     </span>
     <span class='ocr_line' id='line_1_3' title="bbox 148 291 1745 365; baseline -0.006 -14"><span class='ocrx_word' id='word_1_20' title='bbox 148 293 212 324; x_wconf 80' lang='lat' dir='ltr'>lnd.</span> <span class='ocrx_word' id='word_1_21' title='bbox 234 291 276 326; x_wconf 64' lang='lat'><em>13</em></span> <span class='ocrx_word' id='word_1_22' title='bbox 322 310 417 365; x_wconf 80' lang='grc' dir='ltr'><em>κρὸν</em></span> <span class='ocrx_word' id='word_1_23' title='bbox 438 308 680 363; x_wconf 72' lang='grc' dir='ltr'><em>προέπεμψε,</em></span> <span class='ocrx_word' id='word_1_24' title='bbox 717 307 782 347; x_wconf 82' lang='grc' dir='ltr'><em>καὶ</em></span> <span class='ocrx_word' id='word_1_25' title='bbox 803 309 852 360; x_wconf 77' lang='grc' dir='ltr'><em>τῇ</em></span> <span class='ocrx_word' id='word_1_26' title='bbox 871 308 979 359; x_wconf 78' lang='grc' dir='ltr'><em>σορῷ</em></span> <span class='ocrx_word' id='word_1_27' title='bbox 999 302 1241 358; x_wconf 77' lang='grc' dir='ltr'><strong><em>περιέστειλε.</em></strong></span> <span class='ocrx_word' id='word_1_28' title='bbox 1286 302 1388 355; x_wconf 79' lang='grc' dir='ltr'><em>μετὰ</em></span> <span class='ocrx_word' id='word_1_29' title='bbox 1405 302 1452 343; x_wconf 78' lang='grc' dir='ltr'><em>δέ</em></span> <span class='ocrx_word' id='word_1_30' title='bbox 1465 318 1576 350; x_wconf 87' lang='grc' dir='ltr'><em>τινας</em></span> <span class='ocrx_word' id='word_1_31' title='bbox 1592 299 1745 355; x_wconf 77' lang='grc' dir='ltr'><em>ἡμέρας</em></span> 
     </span>
     <span class='ocr_line' id='line_1_4' title="bbox 317 366 1744 430; baseline -0.008 -12"><span class='ocrx_word' id='word_1_32' title='bbox 317 381 389 418; x_wconf 81' lang='grc' dir='ltr'><em>τοῦ</em></span> <span class='ocrx_word' id='word_1_33' title='bbox 409 377 469 416; x_wconf 71' lang='grc' dir='ltr'><em>ἐπὶ</em></span> <span class='ocrx_word' id='word_1_34' title='bbox 489 378 545 430; x_wconf 77' lang='grc' dir='ltr'><em>τῷ</em></span> <span class='ocrx_word' id='word_1_35' title='bbox 564 374 683 428; x_wconf 85' lang='grc' dir='ltr'><em>πατρὶ</em></span> <span class='ocrx_word' id='word_1_36' title='bbox 702 373 877 419; x_wconf 75' lang='grc' dir='ltr'><em>πένθους</em></span> <span class='ocrx_word' id='word_1_37' title='bbox 895 374 951 426; x_wconf 73' lang='grc' dir='ltr'><em>τῷ</em></span> <span class='ocrx_word' id='word_1_38' title='bbox 968 373 1130 422; x_wconf 81' lang='grc' dir='ltr'><em>βασιλεῖ</em></span> <span class='ocrx_word' id='word_1_39' title='bbox 1141 366 1506 424; x_wconf 78' lang='grc' dir='ltr'><em>ὗπολωφῆσαντος,</em></span> <span class='ocrx_word' id='word_1_40' title='bbox 1543 367 1744 423; x_wconf 76' lang='grc' dir='ltr'><strong><em>εὐκαιρίας</em></strong></span> 
     </span>
     <span class='ocr_line' id='line_1_5' title="bbox 316 433 1740 497; baseline -0.006 -13"><span class='ocrx_word' id='word_1_41' title='bbox 316 441 343 497; x_wconf 73' lang='grc' dir='ltr'><em>ἦ</em></span> <span class='ocrx_word' id='word_1_42' title='bbox 365 440 586 496; x_wconf 79' lang='grc' dir='ltr'><em>Λύγούστα</em></span> <span class='ocrx_word' id='word_1_43' title='bbox 620 438 817 494; x_wconf 75' lang='grc' dir='ltr'><em>Θεοφανιὺ</em></span> <span class='ocrx_word' id='word_1_44' title='bbox 845 437 1095 492; x_wconf 77' lang='grc' dir='ltr'><em>δραξαμένη,</em></span> <span class='ocrx_word' id='word_1_45' title='bbox 1132 434 1311 492; x_wconf 88' lang='grc' dir='ltr'><em>πρόσεισι</em></span> <span class='ocrx_word' id='word_1_46' title='bbox 1338 434 1470 493; x_wconf 78' lang='grc' dir='ltr'><em>τούτῳ</em></span> <span class='ocrx_word' id='word_1_47' title='bbox 1497 433 1740 487; x_wconf 82' lang='grc' dir='ltr'><strong><em>καταμόνας,</em></strong></span> 
     </span>
     <span class='ocr_line' id='line_1_6' title="bbox 318 500 1740 562; baseline -0.006 -11"><span class='ocrx_word' id='word_1_48' title='bbox 318 509 470 562; x_wconf 81' lang='grc' dir='ltr'><em>πολλὴν</em></span> <span class='ocrx_word' id='word_1_49' title='bbox 502 507 736 561; x_wconf 79' lang='grc' dir='ltr'><em>συνείρουσα</em></span> <span class='ocrx_word' id='word_1_50' title='bbox 769 503 896 559; x_wconf 79' lang='grc' dir='ltr'><em>λόγων</em></span> <span class='ocrx_word' id='word_1_51' title='bbox 924 503 1075 555; x_wconf 75' lang='grc' dir='ltr'><em>πειθὼ,</em></span> <span class='ocrx_word' id='word_1_52' title='bbox 1109 501 1297 557; x_wconf 78' lang='grc' dir='ltr'><em>Ἰωάννην</em></span> <span class='ocrx_word' id='word_1_53' title='bbox 1327 519 1369 544; x_wconf 87' lang='grc' dir='ltr'><em>τε</em></span> <span class='ocrx_word' id='word_1_54' title='bbox 1393 502 1464 544; x_wconf 84' lang='grc' dir='ltr'><em>τὸν</em></span> <span class='ocrx_word' id='word_1_55' title='bbox 1485 500 1740 557; x_wconf 85' lang='grc' dir='ltr'><em>Μάγιστρον,</em></span> 
     </span>
    </p>

    <p class='ocr_par' dir='ltr' id='par_1_3' title="bbox 287 565 1768 1234">
     <span class='ocr_line' id='line_1_7' title="bbox 287 565 1768 638; baseline -0.005 -21"><span class='ocrx_word' id='word_1_56' title='bbox 287 571 360 634; x_wconf 64' lang='lat' dir='ltr'><em>ee}</em></span> <span class='ocrx_word' id='word_1_57' title='bbox 384 577 599 628; x_wconf 62' lang='grc' dir='ltr'><em>Ίῖζιμισκῆς</em></span> <span class='ocrx_word' id='word_1_58' title='bbox 619 572 664 613; x_wconf 78' lang='grc' dir='ltr'><em>τὸ</em></span> <span class='ocrx_word' id='word_1_59' title='bbox 683 569 901 624; x_wconf 74' lang='grc' dir='ltr'><em>ἐπώνυμον,</em></span> <span class='ocrx_word' id='word_1_60' title='bbox 926 570 997 612; x_wconf 76' lang='grc' dir='ltr'><em>οὐκ</em></span> <span class='ocrx_word' id='word_1_61' title='bbox 1015 570 1103 623; x_wconf 82' lang='grc' dir='ltr'><em>ἀνίη</em></span> <span class='ocrx_word' id='word_1_62' title='bbox 1126 570 1394 624; x_wconf 73' lang='grc' dir='ltr'><em>ἐξαιτουμένη,</em></span> <span class='ocrx_word' id='word_1_63' title='bbox 1417 565 1749 625; x_wconf 75' lang='grc' dir='ltr'><em>προσλιπαροῦσά</em></span> <span class='ocrx_word' id='word_1_64' title='bbox 1767 617 1768 638; x_wconf 26' lang='lat'>¹</span> 
     </span>
     <span class='ocr_line' id='line_1_8' title="bbox 320 635 1744 693; baseline -0.006 -9"><span class='ocrx_word' id='word_1_65' title='bbox 320 660 362 684; x_wconf 88' lang='grc' dir='ltr'><em>τε</em></span> <span class='ocrx_word' id='word_1_66' title='bbox 389 644 453 683; x_wconf 85' lang='grc' dir='ltr'><em>καὶ</em></span> <span class='ocrx_word' id='word_1_67' title='bbox 475 639 734 693; x_wconf 76' lang='grc' dir='ltr'><em>ποτνιωμένη.</em></span> <span class='ocrx_word' id='word_1_68' title='bbox 781 640 845 679; x_wconf 81' lang='grc' dir='ltr'><em>καὶ</em></span> <span class='ocrx_word' id='word_1_69' title='bbox 867 638 1022 679; x_wconf 87' lang='grc' dir='ltr'><em>δικαίαν</em></span> <span class='ocrx_word' id='word_1_70' title='bbox 1043 639 1168 690; x_wconf 78' lang='grc' dir='ltr'><em>δῆθεν</em></span> <span class='ocrx_word' id='word_1_71' title='bbox 1189 636 1262 691; x_wconf 77' lang='grc' dir='ltr'><em>τὴν</em></span> <span class='ocrx_word' id='word_1_72' title='bbox 1281 640 1432 690; x_wconf 77' lang='grc' dir='ltr'><em>σκῆψιν</em></span> <span class='ocrx_word' id='word_1_73' title='bbox 1450 635 1744 692; x_wconf 73' lang='grc' dir='ltr'><em>προτεινομένη,</em></span> 
     </span>
     <span class='ocr_line' id='line_1_9' title="bbox 321 702 1749 762; baseline -0.005 -12"><span class='ocrx_word' id='word_1_74' title='bbox 321 711 406 760; x_wconf 84' lang='grc' dir='ltr'><em>καὶ,</em></span> <span class='ocrx_word' id='word_1_75' title='bbox 443 709 543 760; x_wconf 54' lang='grc' dir='ltr'><em>,ξίνα</em></span> <span class='ocrx_word' id='word_1_76' title='bbox 563 708 604 748; x_wconf 89' lang='grc' dir='ltr'><em>τί</em></span> <span class='ocrx_word' id='word_1_77' title='bbox 631 704 761 747; x_wconf 83' lang='grc' dir='ltr'><em>πάντα</em></span> <span class='ocrx_word' id='word_1_78' title='bbox 779 706 911 762; x_wconf 76' lang='grc' dir='ltr'><em>μέτρῳ</em></span> <span class='ocrx_word' id='word_1_79' title='bbox 935 706 1000 745; x_wconf 82' lang='grc' dir='ltr'><em>καὶ</em></span> <span class='ocrx_word' id='word_1_80' title='bbox 1020 708 1193 761; x_wconf 76' lang='grc' dir='ltr'><em>σταθμῷ</em></span> <span class='ocrx_word' id='word_1_81' title='bbox 1214 703 1419 760; x_wconf 81' lang='grc' dir='ltr'><em>ῥυθμίζων</em></span> <span class='ocrx_word' id='word_1_82' title='bbox 1439 703 1491 745; x_wconf 84' lang='grc' dir='ltr'><em>τὰ</em></span> <span class='ocrx_word' id='word_1_83' title='bbox 1513 702 1566 744; x_wconf 77' lang='grc' dir='ltr'><em>σὰ</em></span> <span class='ocrx_word' id='word_1_84' title='bbox 1578 735 1591 754; x_wconf 84' lang='grc'><em>,</em></span> <span class='ocrx_word' id='word_1_85' title='bbox 1627 707 1749 755; x_wconf 84' lang='grc' dir='ltr'><em>βασι-</em></span> 
     </span>
     <span class='ocr_line' id='line_1_10' title="bbox 321 766 1748 828; baseline -0.004 -12"><span class='ocrx_word' id='word_1_86' title='bbox 321 780 387 817; x_wconf 85' lang='grc' dir='ltr'><em>λεῦ</em></span> <span class='ocrx_word' id='word_1_87' title='bbox 398 807 411 826; x_wconf 90' lang='grc'><em>,</em></span> <span class='ocrx_word' id='word_1_88' title='bbox 450 773 504 823; x_wconf 80' lang='grc' dir='ltr'><em>ὥς</em></span> <span class='ocrx_word' id='word_1_89' title='bbox 525 773 669 828; x_wconf 76' lang='grc' dir='ltr'><em>ἀκριβῆ</em></span> <span class='ocrx_word' id='word_1_90' title='bbox 693 771 883 826; x_wconf 87' lang='grc' dir='ltr'><em>στάθμην</em></span> <span class='ocrx_word' id='word_1_91' title='bbox 903 769 1003 812; x_wconf 75' lang='grc' dir='ltr'><em>εἷναί</em></span> <span class='ocrx_word' id='word_1_92' title='bbox 1019 786 1061 812; x_wconf 90' lang='grc' dir='ltr'><em>σε</em></span> <span class='ocrx_word' id='word_1_93' title='bbox 1081 773 1146 812; x_wconf 77' lang='grc' dir='ltr'><em>καὶ</em></span> <span class='ocrx_word' id='word_1_94' title='bbox 1166 769 1314 812; x_wconf 87' lang='grc' dir='ltr'><em>κανόνα</em></span> <span class='ocrx_word' id='word_1_95' title='bbox 1338 768 1605 826; x_wconf 79' lang='grc' dir='ltr'><em>σωφροσύνης</em></span> <span class='ocrx_word' id='word_1_96' title='bbox 1623 766 1748 811; x_wconf 70' lang='grc' dir='ltr'><em>εὐθύ-</em></span> 
     </span>
     <span class='ocr_line' id='line_1_11' title="bbox 322 836 1768 896; baseline -0.003 -12"><span class='ocrx_word' id='word_1_97' title='bbox 322 859 466 892; x_wconf 86' lang='grc' dir='ltr'><em>τατον,</em></span> <span class='ocrx_word' id='word_1_98' title='bbox 505 843 687 896; x_wconf 78' lang='grc' dir='ltr'><em>παρορᾷς</em></span> <span class='ocrx_word' id='word_1_99' title='bbox 718 839 846 894; x_wconf 77' lang='grc' dir='ltr'><em>ἄνδρα</em></span> <span class='ocrx_word' id='word_1_100' title='bbox 875 845 1051 893; x_wconf 79' lang='grc' dir='ltr'><em>γενναῖον</em></span> <span class='ocrx_word' id='word_1_101' title='bbox 1080 837 1282 879; x_wconf 71' lang='grc' dir='ltr'><em>οὕτωκαὶ</em></span> <span class='ocrx_word' id='word_1_102' title='bbox 1309 838 1508 889; x_wconf 85' lang='grc' dir='ltr'><em>νεανικὸν,</em></span> <span class='ocrx_word' id='word_1_103' title='bbox 1547 836 1768 892; x_wconf 80' lang='grc' dir='ltr'><em>ἆριπρεπῆ]</em></span> 
     </span>
     <span class='ocr_line' id='line_1_12' title="bbox 322 902 1750 960; baseline -0.004 -10"><span class='ocrx_word' id='word_1_104' title='bbox 322 926 363 951; x_wconf 88' lang='grc' dir='ltr'><em>τε</em></span> <span class='ocrx_word' id='word_1_105' title='bbox 387 908 489 949; x_wconf 82' lang='grc' dir='ltr'><em>κατὰ</em></span> <span class='ocrx_word' id='word_1_106' title='bbox 510 907 581 955; x_wconf 79' lang='grc' dir='ltr'><em>τὰς</em></span> <span class='ocrx_word' id='word_1_107' title='bbox 606 905 740 959; x_wconf 87' lang='grc' dir='ltr'><em>μάχας</em></span> <span class='ocrx_word' id='word_1_108' title='bbox 768 904 1014 960; x_wconf 71' lang='grc' dir='ltr'><em>τυγχάνοντα</em></span> <span class='ocrx_word' id='word_1_109' title='bbox 1041 906 1106 945; x_wconf 87' lang='grc' dir='ltr'><em>καὶ</em></span> <span class='ocrx_word' id='word_1_110' title='bbox 1130 902 1476 959; x_wconf 78' lang='grc' dir='ltr'><em>ἅκαταγώνιστον,</em></span> <span class='ocrx_word' id='word_1_111' title='bbox 1514 903 1750 958; x_wconf 76' lang='grc' dir='ltr'><em>ἕγκυλινδεῖ-</em></span> 
     </span>
     <span class='ocr_line' id='line_1_13' title="bbox 322 966 1751 1031; baseline -0.004 -14"><span class='ocrx_word' id='word_1_112' title='bbox 322 980 424 1018; x_wconf 90' lang='grc' dir='ltr'><em>σθαι</em></span> <span class='ocrx_word' id='word_1_113' title='bbox 452 978 508 1031; x_wconf 80' lang='grc' dir='ltr'><em>τῷ</em></span> <span class='ocrx_word' id='word_1_114' title='bbox 529 971 718 1030; x_wconf 78' lang='grc' dir='ltr'><em>βορβόρῳ</em></span> <span class='ocrx_word' id='word_1_115' title='bbox 741 977 821 1014; x_wconf 83' lang='grc' dir='ltr'><em>τῶν</em></span> <span class='ocrx_word' id='word_1_116' title='bbox 838 970 1007 1026; x_wconf 71' lang='grc' dir='ltr'><em>ἡδονῶν,</em></span> <span class='ocrx_word' id='word_1_117' title='bbox 1031 973 1096 1013; x_wconf 83' lang='grc' dir='ltr'><em>καὶ</em></span> <span class='ocrx_word' id='word_1_118' title='bbox 1114 973 1205 1024; x_wconf 85' lang='grc' dir='ltr'><em>βίον</em></span> <span class='ocrx_word' id='word_1_119' title='bbox 1225 969 1482 1025; x_wconf 79' lang='grc' dir='ltr'><em>μεταδιώκειν</em></span> <span class='ocrx_word' id='word_1_120' title='bbox 1501 966 1751 1026; x_wconf 80' lang='grc' dir='ltr'><em>παρεξηυλη-</em></span> 
     </span>
     <span class='ocr_line' id='line_1_14' title="bbox 321 1036 1751 1096; baseline -0.003 -12"><span class='ocrx_word' id='word_1_121' title='bbox 321 1044 441 1096; x_wconf 79' lang='grc' dir='ltr'><em>μένον</em></span> <span class='ocrx_word' id='word_1_122' title='bbox 463 1043 528 1083; x_wconf 85' lang='grc' dir='ltr'><em>καὶ</em></span> <span class='ocrx_word' id='word_1_123' title='bbox 549 1039 708 1091; x_wconf 82' lang='grc' dir='ltr'><em>ἄνετον,</em></span> <span class='ocrx_word' id='word_1_124' title='bbox 746 1043 976 1095; x_wconf 73' lang='grc' dir='ltr'><em>σφριγῶντα</em></span> <span class='ocrx_word' id='word_1_125' title='bbox 1006 1040 1071 1080; x_wconf 85' lang='grc' dir='ltr'><em>καὶ</em></span> <span class='ocrx_word' id='word_1_126' title='bbox 1091 1038 1216 1092; x_wconf 80' lang='grc' dir='ltr'><em>αὐτὴν</em></span> <span class='ocrx_word' id='word_1_127' title='bbox 1235 1043 1307 1092; x_wconf 79' lang='grc' dir='ltr'><em>τῆς</em></span> <span class='ocrx_word' id='word_1_128' title='bbox 1328 1036 1482 1092; x_wconf 75' lang='grc' dir='ltr'><em>ἡλικίας</em></span> <span class='ocrx_word' id='word_1_129' title='bbox 1510 1037 1660 1092; x_wconf 72' lang='grc' dir='ltr'><em>ἄγοντα</em></span> <span class='ocrx_word' id='word_1_130' title='bbox 1678 1037 1751 1091; x_wconf 81' lang='grc' dir='ltr'><em>τὴν</em></span> 
     </span>
     <span class='ocr_line' id='line_1_15' title="bbox 323 1103 1768 1163; baseline -0.003 -13"><span class='ocrx_word' id='word_1_131' title='bbox 323 1109 467 1163; x_wconf 79' lang='grc' dir='ltr'><em>ἀκμὴν,</em></span> <span class='ocrx_word' id='word_1_132' title='bbox 500 1109 566 1149; x_wconf 83' lang='grc' dir='ltr'><em>καὶ</em></span> <span class='ocrx_word' id='word_1_133' title='bbox 588 1110 717 1148; x_wconf 84' lang='grc' dir='ltr'><em>ταῦτα</em></span> <span class='ocrx_word' id='word_1_134' title='bbox 741 1105 982 1158; x_wconf 78' lang='grc' dir='ltr'><em>αὖτανεψιόν</em></span> <span class='ocrx_word' id='word_1_135' title='bbox 1003 1109 1075 1147; x_wconf 78' lang='grc' dir='ltr'><em>τοῦ</em></span> <span class='ocrx_word' id='word_1_136' title='bbox 1096 1109 1170 1147; x_wconf 78' lang='grc' dir='ltr'><em>σοῦ</em></span> <span class='ocrx_word' id='word_1_137' title='bbox 1192 1103 1397 1161; x_wconf 73' lang='grc' dir='ltr'><em>πεφηνότα</em></span> <span class='ocrx_word' id='word_1_138' title='bbox 1416 1103 1609 1160; x_wconf 87' lang='grc' dir='ltr'><em>κράτους,</em></span> <span class='ocrx_word' id='word_1_139' title='bbox 1646 1108 1768 1157; x_wconf 70' lang='grc' dir='ltr'><em>λαμ-’</em></span> 
     </span>
     <span class='ocr_line' id='line_1_16' title="bbox 323 1170 1768 1234; baseline -0.003 -17"><span class='ocrx_word' id='word_1_140' title='bbox 323 1175 429 1232; x_wconf 86' lang='grc' dir='ltr'><em>πράν</em></span> <span class='ocrx_word' id='word_1_141' title='bbox 456 1192 496 1216; x_wconf 89' lang='grc' dir='ltr'><em>τε</em></span> <span class='ocrx_word' id='word_1_142' title='bbox 525 1178 597 1215; x_wconf 83' lang='grc' dir='ltr'><em>τοῦ</em></span> <span class='ocrx_word' id='word_1_143' title='bbox 628 1173 774 1234; x_wconf 48' lang='grc' dir='ltr'><em>γένους]</em></span> <span class='ocrx_word' id='word_1_144' title='bbox 795 1173 958 1214; x_wconf 68' lang='grc' dir='ltr'><em>ἕλκοντα</em></span> <span class='ocrx_word' id='word_1_145' title='bbox 985 1172 1059 1226; x_wconf 81' lang='grc' dir='ltr'><em>τὴν</em></span> <span class='ocrx_word' id='word_1_146' title='bbox 1099 1170 1258 1228; x_wconf 84' lang='grc' dir='ltr'><em>σειράν;</em></span> <span class='ocrx_word' id='word_1_147' title='bbox 1295 1172 1413 1223; x_wconf 74' lang='grc' dir='ltr'><em>ἀλλ’,</em></span> <span class='ocrx_word' id='word_1_148' title='bbox 1451 1173 1640 1223; x_wconf 39' lang='grc' dir='ltr'><em>εῗνδοκεῒ,</em></span> <span class='ocrx_word' id='word_1_149' title='bbox 1686 1171 1768 1221; x_wconf 83' lang='grc' dir='ltr'><em>κε’-;</em></span> 
     </span>
    </p>

    <p class='ocr_par' dir='ltr' id='par_1_4' title="bbox 288 1236 1768 1766">
     <span class='ocr_line' id='line_1_17' title="bbox 288 1236 1765 1295; baseline -0.003 -11"><span class='ocrx_word' id='word_1_150' title='bbox 288 1247 413 1284; x_wconf 78' lang='grc' dir='ltr'><em>Βλευε</em></span> <span class='ocrx_word' id='word_1_151' title='bbox 442 1241 514 1295; x_wconf 79' lang='grc' dir='ltr'><em>τὴν</em></span> <span class='ocrx_word' id='word_1_152' title='bbox 541 1241 754 1294; x_wconf 83' lang='grc' dir='ltr'><em>ταχίστην,</em></span> <span class='ocrx_word' id='word_1_153' title='bbox 790 1244 871 1281; x_wconf 80' lang='grc' dir='ltr'><em>τῶν</em></span> <span class='ocrx_word' id='word_1_154' title='bbox 885 1237 1029 1295; x_wconf 83' lang='grc' dir='ltr'><em>χώρων</em></span> <span class='ocrx_word' id='word_1_155' title='bbox 1056 1240 1123 1281; x_wconf 75' lang='grc' dir='ltr'><em>ἵνα</em></span> <span class='ocrx_word' id='word_1_156' title='bbox 1152 1241 1343 1295; x_wconf 81' lang='grc' dir='ltr'><em>διατρίβει</em></span> <span class='ocrx_word' id='word_1_157' title='bbox 1373 1236 1608 1294; x_wconf 83' lang='grc' dir='ltr'><em>ἆπάραντα,</em></span> <span class='ocrx_word' id='word_1_158' title='bbox 1655 1237 1765 1294; x_wconf 75' lang='grc' dir='ltr'><em>ἀφι-’</em></span> 
     </span>
     <span class='ocr_line' id='line_1_18' title="bbox 325 1302 1749 1363; baseline -0.003 -13"><span class='ocrx_word' id='word_1_159' title='bbox 325 1310 469 1350; x_wconf 83' lang='grc' dir='ltr'><em>κε’σθαι</em></span> <span class='ocrx_word' id='word_1_160' title='bbox 512 1324 554 1349; x_wconf 88' lang='grc' dir='ltr'><em>τε</em></span> <span class='ocrx_word' id='word_1_161' title='bbox 589 1307 690 1362; x_wconf 84' lang='grc' dir='ltr'><em>πρὸς</em></span> <span class='ocrx_word' id='word_1_162' title='bbox 726 1304 833 1360; x_wconf 76' lang='grc' dir='ltr'><em>ἡμᾶς</em></span> <span class='ocrx_word' id='word_1_163' title='bbox 870 1308 936 1347; x_wconf 83' lang='grc' dir='ltr'><em>καὶ</em></span> <span class='ocrx_word' id='word_1_164' title='bbox 968 1304 1121 1363; x_wconf 79' lang='grc' dir='ltr'><em>συζύγῳ</em></span> <span class='ocrx_word' id='word_1_165' title='bbox 1156 1310 1237 1348; x_wconf 79' lang='grc' dir='ltr'><em>τῶν</em></span> <span class='ocrx_word' id='word_1_166' title='bbox 1274 1306 1438 1360; x_wconf 77' lang='grc' dir='ltr'><em>εὐγενῶν</em></span> <span class='ocrx_word' id='word_1_167' title='bbox 1478 1302 1749 1360; x_wconf 76' lang='grc' dir='ltr'><em>ἁρμοσθῆναι.</em></span> 
     </span>
     <span class='ocr_line' id='line_1_19' title="bbox 329 1370 1754 1430; baseline -0.002 -13"><span class='ocrx_word' id='word_1_168' title='bbox 329 1377 405 1430; x_wconf 74' lang='grc' dir='ltr'><em>τὴν</em></span> <span class='ocrx_word' id='word_1_169' title='bbox 432 1375 508 1430; x_wconf 77' lang='grc' dir='ltr'><em>γὰρ</em></span> <span class='ocrx_word' id='word_1_170' title='bbox 526 1373 604 1428; x_wconf 69' lang='grc' dir='ltr'><em>ἤδη</em></span> <span class='ocrx_word' id='word_1_171' title='bbox 634 1372 744 1430; x_wconf 82' lang='grc' dir='ltr'><em>νόμῳ</em></span> <span class='ocrx_word' id='word_1_172' title='bbox 771 1371 900 1427; x_wconf 88' lang='grc' dir='ltr'><em>γάμου</em></span> <span class='ocrx_word' id='word_1_173' title='bbox 920 1377 1301 1428; x_wconf 82' lang='grc' dir='ltr'><em>προσαρμοσθεῖσαν</em></span> <span class='ocrx_word' id='word_1_174' title='bbox 1325 1372 1434 1429; x_wconf 74' lang='grc' dir='ltr'><em>αὐτῷ</em></span> <span class='ocrx_word' id='word_1_175' title='bbox 1462 1370 1483 1413; x_wconf 78' lang='grc' dir='ltr'><em>ὃ</em></span> <span class='ocrx_word' id='word_1_176' title='bbox 1502 1372 1662 1428; x_wconf 85' lang='grc' dir='ltr'><em>πικρὸς,</em></span> <span class='ocrx_word' id='word_1_177' title='bbox 1699 1370 1754 1421; x_wconf 72' lang='grc' dir='ltr'><em>ὦς</em></span> 
     </span>
     <span class='ocr_line' id='line_1_20' title="bbox 327 1438 1755 1494; baseline -0.004 -9"><span class='ocrx_word' id='word_1_178' title='bbox 327 1441 475 1493; x_wconf 71' lang='grc' dir='ltr'><em>οἶσθα,</em></span> <span class='ocrx_word' id='word_1_179' title='bbox 514 1442 579 1482; x_wconf 82' lang='grc' dir='ltr'><em>καὶ</em></span> <span class='ocrx_word' id='word_1_180' title='bbox 605 1440 815 1494; x_wconf 81' lang='grc' dir='ltr'><em>λυσιμελὴς</em></span> <span class='ocrx_word' id='word_1_181' title='bbox 843 1440 1037 1494; x_wconf 73' lang='grc' dir='ltr'><em>ἒξεθέρισε</em></span> <span class='ocrx_word' id='word_1_182' title='bbox 1064 1438 1256 1488; x_wconf 87' lang='grc' dir='ltr'><em>θάνατος.</em></span> <span class='ocrx_word' id='word_1_183' title='bbox 1310 1438 1412 1489; x_wconf 71' lang='grc' dir='ltr'><em>εἶξον</em></span> <span class='ocrx_word' id='word_1_184' title='bbox 1437 1439 1597 1491; x_wconf 81' lang='grc' dir='ltr'><em>λοιπὸν,</em></span> <span class='ocrx_word' id='word_1_185' title='bbox 1632 1443 1755 1492; x_wconf 81' lang='grc' dir='ltr'><em>βασι-</em></span> 
     </span>
     <span class='ocr_line' id='line_1_21' title="bbox 326 1506 1768 1562; baseline -0.001 -12"><span class='ocrx_word' id='word_1_186' title='bbox 326 1514 417 1560; x_wconf 74' lang='grc' dir='ltr'><em>λεῦ,</em></span> <span class='ocrx_word' id='word_1_187' title='bbox 466 1509 531 1549; x_wconf 85' lang='grc' dir='ltr'><em>καὶ</em></span> <span class='ocrx_word' id='word_1_188' title='bbox 561 1507 818 1562; x_wconf 76' lang='grc' dir='ltr'><em>εἷσηγουμένῃ</em></span> <span class='ocrx_word' id='word_1_189' title='bbox 845 1506 895 1547; x_wconf 82' lang='grc' dir='ltr'><em>τὰ</em></span> <span class='ocrx_word' id='word_1_190' title='bbox 922 1507 1063 1547; x_wconf 79' lang='grc' dir='ltr'><em>δέοντα</em></span> <span class='ocrx_word' id='word_1_191' title='bbox 1090 1508 1299 1560; x_wconf 86' lang='grc' dir='ltr'><em>πείσθητι,</em></span> <span class='ocrx_word' id='word_1_192' title='bbox 1345 1508 1411 1551; x_wconf 80' lang='grc' dir='ltr'><em>καὶ</em></span> <span class='ocrx_word' id='word_1_193' title='bbox 1437 1506 1494 1559; x_wconf 85' lang='grc' dir='ltr'><em>μὴ</em></span> <span class='ocrx_word' id='word_1_194' title='bbox 1526 1507 1768 1562; x_wconf 60' lang='grc' dir='ltr'><em>προκείσθωῐ</em></span> 
     </span>
     <span class='ocr_line' id='line_1_22' title="bbox 326 1571 1755 1630; baseline -0.003 -13"><span class='ocrx_word' id='word_1_195' title='bbox 326 1583 415 1624; x_wconf 82' lang='grc' dir='ltr'><em>ταῖς</em></span> <span class='ocrx_word' id='word_1_196' title='bbox 447 1572 683 1622; x_wconf 84' lang='grc' dir='ltr'><em>ἀκολάστοις</em></span> <span class='ocrx_word' id='word_1_197' title='bbox 717 1572 915 1628; x_wconf 81' lang='grc' dir='ltr'><em>γλώσσαις</em></span> <span class='ocrx_word' id='word_1_198' title='bbox 951 1575 1141 1630; x_wconf 76' lang='grc' dir='ltr'><em>κωμῳδία</em></span> <span class='ocrx_word' id='word_1_199' title='bbox 1180 1575 1247 1614; x_wconf 84' lang='grc' dir='ltr'><em>καὶ</em></span> <span class='ocrx_word' id='word_1_200' title='bbox 1279 1573 1512 1628; x_wconf 84' lang='grc' dir='ltr'><em>σαρκασμὸς</em></span> <span class='ocrx_word' id='word_1_201' title='bbox 1546 1571 1567 1614; x_wconf 84' lang='grc' dir='ltr'><em>ὃ</em></span> <span class='ocrx_word' id='word_1_202' title='bbox 1599 1573 1642 1613; x_wconf 78' lang='grc' dir='ltr'><em>ἒκ</em></span> <span class='ocrx_word' id='word_1_203' title='bbox 1682 1576 1755 1614; x_wconf 87' lang='grc' dir='ltr'><strong><em>τοῦ</em></strong></span> 
     </span>
     <span class='ocr_line' id='line_1_23' title="bbox 328 1639 1758 1696; baseline -0.003 -11"><span class='ocrx_word' id='word_1_204' title='bbox 328 1647 401 1685; x_wconf 81' lang='grc' dir='ltr'><em>σοῦ</em></span> <span class='ocrx_word' id='word_1_205' title='bbox 433 1641 570 1696; x_wconf 78' lang='grc' dir='ltr'><em>γένους</em></span> <span class='ocrx_word' id='word_1_206' title='bbox 601 1640 845 1696; x_wconf 72' lang='grc' dir='ltr'><em>ἀναδραμὼν</em></span> <span class='ocrx_word' id='word_1_207' title='bbox 853 1672 867 1692; x_wconf 97' lang='grc'><em>,</em></span> <span class='ocrx_word' id='word_1_208' title='bbox 914 1640 989 1681; x_wconf 77' lang='grc' dir='ltr'><em>κάν</em></span> <span class='ocrx_word' id='word_1_209' title='bbox 1020 1647 1108 1690; x_wconf 75' lang='grc' dir='ltr'><em>ταῖς</em></span> <span class='ocrx_word' id='word_1_210' title='bbox 1138 1644 1218 1683; x_wconf 84' lang='grc' dir='ltr'><em>τῶν</em></span> <span class='ocrx_word' id='word_1_211' title='bbox 1249 1640 1433 1694; x_wconf 77' lang='grc' dir='ltr'><em>πολέμων</em></span> <span class='ocrx_word' id='word_1_212' title='bbox 1464 1639 1758 1696; x_wconf 82' lang='grc' dir='ltr'><em>ἀνδραγαθίαις</em></span> 
     </span>
     <span class='ocr_line' id='line_1_24' title="bbox 326 1705 1045 1766; baseline -0.004 -14"><span class='ocrx_word' id='word_1_213' title='bbox 326 1709 438 1766; x_wconf 82' lang='grc' dir='ltr'><em>παρὰ</em></span> <span class='ocrx_word' id='word_1_214' title='bbox 458 1707 617 1749; x_wconf 85' lang='grc' dir='ltr'><em>πάντων</em></span> <span class='ocrx_word' id='word_1_215' title='bbox 637 1705 1045 1762; x_wconf 80' lang='grc' dir='ltr'><em>μεγαλαυχούμενος.”</em></span> 
     </span>
    </p>

    <p class='ocr_par' dir='ltr' id='par_1_5' title="bbox 201 1771 1754 1830">
     <span class='ocr_line' id='line_1_25' title="bbox 201 1771 1754 1830; baseline 0.001 -18"><span class='ocrx_word' id='word_1_216' title='bbox 201 1780 240 1813; x_wconf 88' lang='lat' dir='ltr'><em>P.</em></span> <span class='ocrx_word' id='word_1_217' title='bbox 264 1779 308 1814; x_wconf 80' lang='lat'><em>52</em></span> <span class='ocrx_word' id='word_1_218' title='bbox 432 1773 479 1824; x_wconf 85' lang='grc' dir='ltr'><em>ς’.</em></span> <span class='ocrx_word' id='word_1_219' title='bbox 528 1773 700 1823; x_wconf 77' lang='grc' dir='ltr'><em>Τούτοις</em></span> <span class='ocrx_word' id='word_1_220' title='bbox 728 1782 811 1823; x_wconf 81' lang='grc' dir='ltr'><em>τοῖς</em></span> <span class='ocrx_word' id='word_1_221' title='bbox 832 1772 964 1828; x_wconf 81' lang='grc' dir='ltr'><em>λόγοις</em></span> <span class='ocrx_word' id='word_1_222' title='bbox 993 1778 1246 1827; x_wconf 79' lang='grc' dir='ltr'><em>μετελθοῦσα</em></span> <span class='ocrx_word' id='word_1_223' title='bbox 1266 1773 1337 1816; x_wconf 78' lang='grc' dir='ltr'><em>τὸν</em></span> <span class='ocrx_word' id='word_1_224' title='bbox 1366 1771 1644 1830; x_wconf 80' lang='grc' dir='ltr'><em>αὗτοκράτορα</em></span> <span class='ocrx_word' id='word_1_225' title='bbox 1675 1773 1754 1825; x_wconf 76' lang='grc' dir='ltr'><em>καὶ,</em></span> 
     </span>
    </p>
   </div>
   <div class='ocr_carea' id='block_1_3' title="bbox 417 1853 1759 1950">
    <p class='ocr_par' dir='ltr' id='par_1_6' title="bbox 417 1853 1759 1950">
     <span class='ocr_line' id='line_1_26' title="bbox 419 1853 1759 1903; baseline -0.001 -11"><span class='ocrx_word' id='word_1_226' title='bbox 419 1860 452 1892; x_wconf 90' lang='grc'><em>8.</em></span> <span class='ocrx_word' id='word_1_227' title='bbox 475 1857 536 1892; x_wconf 79' lang='grc' dir='ltr'><em>’ἵνα</em></span> <span class='ocrx_word' id='word_1_228' title='bbox 552 1858 599 1891; x_wconf 87' lang='grc' dir='ltr'><em>τί.</em></span> <span class='ocrx_word' id='word_1_229' title='bbox 630 1858 775 1891; x_wconf 85' lang='lat' dir='ltr'>Videtur</span> <span class='ocrx_word' id='word_1_230' title='bbox 792 1857 847 1891; x_wconf 90' lang='lat' dir='ltr'>hic</span> <span class='ocrx_word' id='word_1_231' title='bbox 863 1858 981 1892; x_wconf 84' lang='lat' dir='ltr'>deesse</span> <span class='ocrx_word' id='word_1_232' title='bbox 996 1859 1097 1902; x_wconf 86' lang='grc' dir='ltr'><em>φησί.</em></span> <span class='ocrx_word' id='word_1_233' title='bbox 1165 1861 1218 1895; x_wconf 88' lang='grc'><em>10.</em></span> <span class='ocrx_word' id='word_1_234' title='bbox 1243 1855 1417 1903; x_wconf 79' lang='grc' dir='ltr'><em>ἄριτρεπῆ</em></span> <span class='ocrx_word' id='word_1_235' title='bbox 1436 1858 1511 1894; x_wconf 89' lang='lat' dir='ltr'>cod.</span> <span class='ocrx_word' id='word_1_236' title='bbox 1579 1858 1633 1892; x_wconf 90' lang='lat'><em>11.</em></span> <span class='ocrx_word' id='word_1_237' title='bbox 1657 1853 1759 1902; x_wconf 74' lang='grc' dir='ltr'><em>ἔγκα-</em></span> 
     </span>
     <span class='ocr_line' id='line_1_27' title="bbox 417 1903 1163 1950; baseline -0.001 -13"><span class='ocrx_word' id='word_1_238' title='bbox 417 1904 620 1938; x_wconf 78' lang='grc' dir='ltr'><em>λινδεῖσθαι</em></span> <span class='ocrx_word' id='word_1_239' title='bbox 643 1904 715 1938; x_wconf 90' lang='lat' dir='ltr'>cod.</span> <span class='ocrx_word' id='word_1_240' title='bbox 787 1905 840 1939; x_wconf 88' lang='lat'><em>19.</em></span> <span class='ocrx_word' id='word_1_241' title='bbox 874 1905 1065 1950; x_wconf 80' lang='grc' dir='ltr'><em>λυσιμενῆς</em></span> <span class='ocrx_word' id='word_1_242' title='bbox 1089 1903 1163 1938; x_wconf 87' lang='lat' dir='ltr'>cod.</span> 
     </span>
    </p>
   </div>
   <div class='ocr_carea' id='block_1_4' title="bbox 326 1968 1763 2635">
    <p class='ocr_par' dir='ltr' id='par_1_7' title="bbox 326 1968 1763 2635">
     <span class='ocr_line' id='line_1_28' title="bbox 330 1968 1761 2015; baseline -0.001 -11"><span class='ocrx_word' id='word_1_243' title='bbox 330 1970 511 2015; x_wconf 73' lang='lat' dir='ltr'><strong>panditur,</strong></span> <span class='ocrx_word' id='word_1_244' title='bbox 537 1980 657 2014; x_wconf 87' lang='lat' dir='ltr'>corpus</span> <span class='ocrx_word' id='word_1_245' title='bbox 677 1970 749 2003; x_wconf 89' lang='lat' dir='ltr'>eius</span> <span class='ocrx_word' id='word_1_246' title='bbox 766 1975 962 2014; x_wconf 80' lang='lat' dir='ltr'>prosecutus</span> <span class='ocrx_word' id='word_1_247' title='bbox 977 1975 1048 2011; x_wconf 79' lang='lat' dir='ltr'>est,</span> <span class='ocrx_word' id='word_1_248' title='bbox 1071 1973 1106 2004; x_wconf 82' lang='lat' dir='ltr'><em>et</em></span> <span class='ocrx_word' id='word_1_249' title='bbox 1129 1970 1164 2003; x_wconf 90' lang='lat' dir='ltr'><em>in</em></span> <span class='ocrx_word' id='word_1_250' title='bbox 1183 1981 1263 2004; x_wconf 85' lang='lat' dir='ltr'>arca</span> <span class='ocrx_word' id='word_1_251' title='bbox 1280 1970 1472 2014; x_wconf 80' lang='lat' dir='ltr'><strong>composuit.</strong></span> <span class='ocrx_word' id='word_1_252' title='bbox 1519 1968 1655 2013; x_wconf 78' lang='lat' dir='ltr'><strong>Aliquot</strong></span> <span class='ocrx_word' id='word_1_253' title='bbox 1680 1970 1761 2012; x_wconf 85' lang='lat' dir='ltr'>post</span> 
     </span>
     <span class='ocr_line' id='line_1_29' title="bbox 330 2013 1760 2059; baseline -0.001 -11"><span class='ocrx_word' id='word_1_254' title='bbox 330 2016 468 2055; x_wconf 84' lang='lat' dir='ltr'>diebus,</span> <span class='ocrx_word' id='word_1_255' title='bbox 492 2025 566 2046; x_wconf 89' lang='lat' dir='ltr'><em>cum</em></span> <span class='ocrx_word' id='word_1_256' title='bbox 579 2020 669 2048; x_wconf 82' lang='lat' dir='ltr'>esset</span> <span class='ocrx_word' id='word_1_257' title='bbox 684 2015 850 2058; x_wconf 83' lang='lat' dir='ltr'>paululum</span> <span class='ocrx_word' id='word_1_258' title='bbox 871 2016 981 2049; x_wconf 75' lang='lat' dir='ltr'>levata</span> <span class='ocrx_word' id='word_1_259' title='bbox 995 2016 1211 2059; x_wconf 86' lang='lat' dir='ltr'>Imperatoris</span> <span class='ocrx_word' id='word_1_260' title='bbox 1238 2016 1280 2048; x_wconf 90' lang='lat' dir='ltr'><em>de</em></span> <span class='ocrx_word' id='word_1_261' title='bbox 1296 2021 1393 2058; x_wconf 85' lang='lat' dir='ltr'>patre</span> <span class='ocrx_word' id='word_1_262' title='bbox 1419 2013 1617 2058; x_wconf 80' lang='lat' dir='ltr'>aegritudo,</span> <span class='ocrx_word' id='word_1_263' title='bbox 1642 2014 1760 2047; x_wconf 85' lang='lat' dir='ltr'>Theo·-</span> 
     </span>
     <span class='ocr_line' id='line_1_30' title="bbox 330 2059 1760 2104; baseline -0.001 -13"><span class='ocrx_word' id='word_1_264' title='bbox 330 2061 442 2104; x_wconf 85' lang='lat' dir='ltr'>phano</span> <span class='ocrx_word' id='word_1_265' title='bbox 460 2060 629 2102; x_wconf 82' lang='lat' dir='ltr'>Augusta,</span> <span class='ocrx_word' id='word_1_266' title='bbox 653 2061 907 2103; x_wconf 75' lang='lat' dir='ltr'>opportunitate</span> <span class='ocrx_word' id='word_1_267' title='bbox 926 2071 1006 2101; x_wconf 84' lang='lat' dir='ltr'>usa,</span> <span class='ocrx_word' id='word_1_268' title='bbox 1030 2065 1161 2093; x_wconf 85' lang='lat' dir='ltr'>secreto</span> <span class='ocrx_word' id='word_1_269' title='bbox 1188 2071 1260 2092; x_wconf 90' lang='lat' dir='ltr'><em>eum</em></span> <span class='ocrx_word' id='word_1_270' title='bbox 1284 2059 1385 2100; x_wconf 82' lang='lat' dir='ltr'>adiit,</span> <span class='ocrx_word' id='word_1_271' title='bbox 1417 2059 1617 2103; x_wconf 82' lang='lat' dir='ltr'><strong>multamque</strong></span> <span class='ocrx_word' id='word_1_272' title='bbox 1636 2069 1760 2091; x_wconf 89' lang='lat' dir='ltr'>conne-</span> 
     </span>
     <span class='ocr_line' id='line_1_31' title="bbox 332 2103 1760 2148; baseline -0.001 -10"><span class='ocrx_word' id='word_1_273' title='bbox 332 2109 426 2138; x_wconf 87' lang='lat' dir='ltr'>ctens</span> <span class='ocrx_word' id='word_1_274' title='bbox 442 2104 476 2136; x_wconf 89' lang='lat' dir='ltr'><em>in</em></span> <span class='ocrx_word' id='word_1_275' title='bbox 493 2103 606 2136; x_wconf 83' lang='lat' dir='ltr'>verbis</span> <span class='ocrx_word' id='word_1_276' title='bbox 623 2105 934 2148; x_wconf 74' lang='lat' dir='ltr'>suaviloquentiam,</span> <span class='ocrx_word' id='word_1_277' title='bbox 959 2116 1019 2148; x_wconf 89' lang='lat' dir='ltr'><em>pro</em></span> <span class='ocrx_word' id='word_1_278' title='bbox 1033 2105 1156 2138; x_wconf 85' lang='lat' dir='ltr'>Ioanne</span> <span class='ocrx_word' id='word_1_279' title='bbox 1175 2104 1342 2148; x_wconf 81' lang='lat' dir='ltr'>Magistro</span> <span class='ocrx_word' id='word_1_280' title='bbox 1359 2109 1573 2147; x_wconf 85' lang='lat' dir='ltr'>cognomento</span> <span class='ocrx_word' id='word_1_281' title='bbox 1590 2103 1760 2136; x_wconf 80' lang='lat' dir='ltr'>Tzimisce</span> 
     </span>
     <span class='ocr_line' id='line_1_32' title="bbox 332 2147 1760 2193; baseline -0.001 -11"><span class='ocrx_word' id='word_1_282' title='bbox 332 2148 510 2192; x_wconf 88' lang='lat' dir='ltr'>deprecari</span> <span class='ocrx_word' id='word_1_283' title='bbox 522 2148 728 2191; x_wconf 87' lang='lat' dir='ltr'>implorando</span> <span class='ocrx_word' id='word_1_284' title='bbox 748 2154 847 2193; x_wconf 87' lang='lat' dir='ltr'>atque</span> <span class='ocrx_word' id='word_1_285' title='bbox 865 2150 1059 2183; x_wconf 86' lang='lat' dir='ltr'>obtestando</span> <span class='ocrx_word' id='word_1_286' title='bbox 1080 2160 1144 2183; x_wconf 92' lang='lat' dir='ltr'><em>non</em></span> <span class='ocrx_word' id='word_1_287' title='bbox 1162 2148 1351 2182; x_wconf 83' lang='lat' dir='ltr'>intermisit.</span> <span class='ocrx_word' id='word_1_288' title='bbox 1399 2148 1591 2192; x_wconf 81' lang='lat' dir='ltr'>Speciosam</span> <span class='ocrx_word' id='word_1_289' title='bbox 1607 2147 1760 2180; x_wconf 83' lang='lat' dir='ltr'>nimirum</span> 
     </span>
     <span class='ocr_line' id='line_1_33' title="bbox 333 2191 1761 2240; baseline -0.001 -13"><span class='ocrx_word' id='word_1_290' title='bbox 333 2204 465 2227; x_wconf 85' lang='lat' dir='ltr'>causam</span> <span class='ocrx_word' id='word_1_291' title='bbox 485 2199 710 2240; x_wconf 54' lang='lat' dir='ltr'><em>praetexens,x</em></span> <span class='ocrx_word' id='word_1_292' title='bbox 725 2193 841 2234; x_wconf 86' lang='lat' dir='ltr'>„Cur”</span> <span class='ocrx_word' id='word_1_293' title='bbox 857 2218 867 2234; x_wconf 91' lang='lat'><strong>‚</strong></span> <span class='ocrx_word' id='word_1_294' title='bbox 891 2194 1018 2238; x_wconf 84' lang='lat' dir='ltr'>inquit,</span> <span class='ocrx_word' id='word_1_295' title='bbox 1041 2198 1103 2235; x_wconf 86' lang='lat' dir='ltr'><em>„tu</em></span> <span class='ocrx_word' id='word_1_296' title='bbox 1122 2194 1178 2238; x_wconf 87' lang='lat' dir='ltr'>qui</span> <span class='ocrx_word' id='word_1_297' title='bbox 1199 2194 1296 2227; x_wconf 90' lang='lat' dir='ltr'>modo</span> <span class='ocrx_word' id='word_1_298' title='bbox 1317 2198 1353 2226; x_wconf 86' lang='lat' dir='ltr'><em>et</em></span> <span class='ocrx_word' id='word_1_299' title='bbox 1379 2193 1509 2226; x_wconf 84' lang='lat' dir='ltr'>ratione</span> <span class='ocrx_word' id='word_1_300' title='bbox 1536 2192 1647 2225; x_wconf 81' lang='lat' dir='ltr'>omnia</span> <span class='ocrx_word' id='word_1_301' title='bbox 1660 2191 1761 2234; x_wconf 74' lang='lat' dir='ltr'>facis,</span> 
     </span>
     <span class='ocr_line' id='line_1_34' title="bbox 333 2237 1760 2282; baseline -0.002 -10"><span class='ocrx_word' id='word_1_302' title='bbox 333 2237 495 2277; x_wconf 88' lang='lat' dir='ltr'>Domine,</span> <span class='ocrx_word' id='word_1_303' title='bbox 520 2237 602 2269; x_wconf 86' lang='lat' dir='ltr'>adeo</span> <span class='ocrx_word' id='word_1_304' title='bbox 629 2242 666 2270; x_wconf 85' lang='lat' dir='ltr'><em>ut</em></span> <span class='ocrx_word' id='word_1_305' title='bbox 695 2238 741 2270; x_wconf 89' lang='lat' dir='ltr'>sis</span> <span class='ocrx_word' id='word_1_306' title='bbox 765 2244 1019 2272; x_wconf 86' lang='lat' dir='ltr'>consummatum</span> <span class='ocrx_word' id='word_1_307' title='bbox 1049 2239 1230 2282; x_wconf 81' lang='lat' dir='ltr'>exemplum</span> <span class='ocrx_word' id='word_1_308' title='bbox 1259 2249 1298 2271; x_wconf 87' lang='lat' dir='ltr'>ac</span> <span class='ocrx_word' id='word_1_309' title='bbox 1316 2249 1432 2271; x_wconf 85' lang='lat' dir='ltr'>norma</span> <span class='ocrx_word' id='word_1_310' title='bbox 1451 2237 1613 2271; x_wconf 75' lang='lat' dir='ltr'>acerrima</span> <span class='ocrx_word' id='word_1_311' title='bbox 1629 2241 1760 2280; x_wconf 80' lang='lat' dir='ltr'>tempe-</span> 
     </span>
     <span class='ocr_line' id='line_1_35' title="bbox 334 2280 1759 2323; baseline -0.003 -6"><span class='ocrx_word' id='word_1_312' title='bbox 334 2282 484 2322; x_wconf 82' lang='lat' dir='ltr'>rantiae,</span> <span class='ocrx_word' id='word_1_313' title='bbox 509 2281 598 2314; x_wconf 93' lang='lat' dir='ltr'>nullo</span> <span class='ocrx_word' id='word_1_314' title='bbox 618 2281 689 2315; x_wconf 93' lang='lat' dir='ltr'>loco</span> <span class='ocrx_word' id='word_1_315' title='bbox 714 2294 886 2323; x_wconf 83' lang='lat' dir='ltr'>numeras,</span> <span class='ocrx_word' id='word_1_316' title='bbox 910 2283 1016 2316; x_wconf 87' lang='lat' dir='ltr'>virum</span> <span class='ocrx_word' id='word_1_317' title='bbox 1032 2286 1100 2317; x_wconf 85' lang='lat' dir='ltr'>tam</span> <span class='ocrx_word' id='word_1_318' title='bbox 1117 2284 1236 2316; x_wconf 83' lang='lat' dir='ltr'>fortem</span> <span class='ocrx_word' id='word_1_319' title='bbox 1254 2288 1290 2316; x_wconf 85' lang='lat' dir='ltr'><em>et</em></span> <span class='ocrx_word' id='word_1_320' title='bbox 1307 2283 1506 2323; x_wconf 80' lang='lat' dir='ltr'>animosum,</span> <span class='ocrx_word' id='word_1_321' title='bbox 1528 2283 1651 2315; x_wconf 86' lang='lat' dir='ltr'>clarum</span> <span class='ocrx_word' id='word_1_322' title='bbox 1672 2280 1759 2314; x_wconf 83' lang='lat' dir='ltr'>bello</span> 
     </span>
     <span class='ocr_line' id='line_1_36' title="bbox 336 2326 1761 2372; baseline -0.003 -10"><span class='ocrx_word' id='word_1_323' title='bbox 336 2332 437 2371; x_wconf 70' lang='lat' dir='ltr'>abque</span> <span class='ocrx_word' id='word_1_324' title='bbox 457 2326 633 2366; x_wconf 78' lang='lat' dir='ltr'>invictum,</span> <span class='ocrx_word' id='word_1_325' title='bbox 656 2326 802 2360; x_wconf 76' lang='lat' dir='ltr'>volutari</span> <span class='ocrx_word' id='word_1_326' title='bbox 826 2328 860 2360; x_wconf 92' lang='lat' dir='ltr'><em>in</em></span> <span class='ocrx_word' id='word_1_327' title='bbox 884 2329 952 2361; x_wconf 85' lang='lat' dir='ltr'>luto</span> <span class='ocrx_word' id='word_1_328' title='bbox 977 2328 1202 2372; x_wconf 74' lang='lat' dir='ltr'>voluptatum,</span> <span class='ocrx_word' id='word_1_329' title='bbox 1224 2327 1394 2371; x_wconf 85' lang='lat' dir='ltr'>vitamque</span> <span class='ocrx_word' id='word_1_330' title='bbox 1421 2338 1523 2370; x_wconf 81' lang='lat' dir='ltr'>agere</span> <span class='ocrx_word' id='word_1_331' title='bbox 1544 2331 1710 2359; x_wconf 83' lang='lat' dir='ltr'>extorrem</span> <span class='ocrx_word' id='word_1_332' title='bbox 1725 2327 1761 2358; x_wconf 75' lang='lat' dir='ltr'><em>et</em></span> 
     </span>
     <span class='ocr_line' id='line_1_37' title="bbox 337 2370 1762 2416; baseline -0.003 -10"><span class='ocrx_word' id='word_1_333' title='bbox 337 2372 502 2406; x_wconf 65' lang='lat' dir='ltr'>otiosam?</span> <span class='ocrx_word' id='word_1_334' title='bbox 526 2371 575 2404; x_wconf 82' lang='lat' dir='ltr'><em>Et</em></span> <span class='ocrx_word' id='word_1_335' title='bbox 594 2376 703 2404; x_wconf 83' lang='lat' dir='ltr'>tamen</span> <span class='ocrx_word' id='word_1_336' title='bbox 721 2373 815 2415; x_wconf 84' lang='lat' dir='ltr'>viget</span> <span class='ocrx_word' id='word_1_337' title='bbox 829 2372 885 2405; x_wconf 91' lang='lat' dir='ltr'>ille</span> <span class='ocrx_word' id='word_1_338' title='bbox 910 2373 983 2416; x_wconf 90' lang='lat' dir='ltr'>ipso</span> <span class='ocrx_word' id='word_1_339' title='bbox 1010 2373 1129 2406; x_wconf 84' lang='lat' dir='ltr'>aetatis</span> <span class='ocrx_word' id='word_1_340' title='bbox 1147 2373 1288 2412; x_wconf 88' lang='lat' dir='ltr'>robore,</span> <span class='ocrx_word' id='word_1_341' title='bbox 1320 2377 1391 2405; x_wconf 85' lang='lat' dir='ltr'><em>tum</em></span> <span class='ocrx_word' id='word_1_342' title='bbox 1418 2372 1518 2405; x_wconf 75' lang='lat' dir='ltr'>etiam</span> <span class='ocrx_word' id='word_1_343' title='bbox 1544 2370 1762 2404; x_wconf 73' lang='lat' dir='ltr'>consobrinus</span> 
     </span>
     <span class='ocr_line' id='line_1_38' title="bbox 326 2414 1760 2461; baseline -0.003 -10"><span class='ocrx_word' id='word_1_344' title='bbox 326 2416 416 2451; x_wconf 65' lang='lat' dir='ltr'>&#39;tuae</span> <span class='ocrx_word' id='word_1_345' title='bbox 430 2415 613 2450; x_wconf 77' lang='lat' dir='ltr'>maiestatis</span> <span class='ocrx_word' id='word_1_346' title='bbox 636 2421 708 2456; x_wconf 84' lang='lat' dir='ltr'>est,</span> <span class='ocrx_word' id='word_1_347' title='bbox 729 2416 893 2450; x_wconf 84' lang='lat' dir='ltr'>illustrem</span> <span class='ocrx_word' id='word_1_348' title='bbox 916 2417 1023 2450; x_wconf 85' lang='lat' dir='ltr'>trahit</span> <span class='ocrx_word' id='word_1_349' title='bbox 1052 2417 1185 2461; x_wconf 85' lang='lat' dir='ltr'>generis</span> <span class='ocrx_word' id='word_1_350' title='bbox 1203 2417 1331 2450; x_wconf 83' lang='lat' dir='ltr'>seriem.</span> <span class='ocrx_word' id='word_1_351' title='bbox 1377 2417 1519 2456; x_wconf 85' lang='lat' dir='ltr'>Verum,</span> <span class='ocrx_word' id='word_1_352' title='bbox 1551 2415 1583 2448; x_wconf 79' lang='lat' dir='ltr'>si</span> <span class='ocrx_word' id='word_1_353' title='bbox 1613 2414 1760 2455; x_wconf 87' lang='lat' dir='ltr'>videtur,</span> 
     </span>
     <span class='ocr_line' id='line_1_39' title="bbox 337 2460 1762 2505; baseline -0.002 -11"><span class='ocrx_word' id='word_1_354' title='bbox 337 2462 416 2495; x_wconf 83' lang='lat' dir='ltr'>iube</span> <span class='ocrx_word' id='word_1_355' title='bbox 439 2461 530 2494; x_wconf 88' lang='lat' dir='ltr'>illum</span> <span class='ocrx_word' id='word_1_356' title='bbox 555 2462 809 2505; x_wconf 86' lang='lat' dir='ltr'>quamprimum,</span> <span class='ocrx_word' id='word_1_357' title='bbox 838 2473 917 2494; x_wconf 89' lang='lat' dir='ltr'>rure</span> <span class='ocrx_word' id='word_1_358' title='bbox 940 2462 998 2494; x_wconf 91' lang='lat' dir='ltr'>ubi</span> <span class='ocrx_word' id='word_1_359' title='bbox 1022 2467 1074 2495; x_wconf 86' lang='lat' dir='ltr'><em>est</em></span> <span class='ocrx_word' id='word_1_360' title='bbox 1096 2462 1235 2502; x_wconf 82' lang='lat' dir='ltr'>relicto,</span> <span class='ocrx_word' id='word_1_361' title='bbox 1258 2463 1301 2495; x_wconf 86' lang='lat' dir='ltr'>ad</span> <span class='ocrx_word' id='word_1_362' title='bbox 1331 2472 1390 2494; x_wconf 84' lang='lat' dir='ltr'>nos</span> <span class='ocrx_word' id='word_1_363' title='bbox 1413 2460 1548 2500; x_wconf 78' lang='lat' dir='ltr'>venire,</span> <span class='ocrx_word' id='word_1_364' title='bbox 1571 2462 1607 2493; x_wconf 93' lang='lat' dir='ltr'><em>et</em></span> <span class='ocrx_word' id='word_1_365' title='bbox 1626 2466 1762 2492; x_wconf 84' lang='lat' dir='ltr'>uxorem</span> 
     </span>
     <span class='ocr_line' id='line_1_40' title="bbox 338 2504 1763 2550; baseline -0.002 -11"><span class='ocrx_word' id='word_1_366' title='bbox 338 2507 483 2550; x_wconf 86' lang='lat' dir='ltr'>aliquam</span> <span class='ocrx_word' id='word_1_367' title='bbox 500 2518 519 2539; x_wconf 92' lang='lat' dir='ltr'><em>e</em></span> <span class='ocrx_word' id='word_1_368' title='bbox 533 2506 684 2550; x_wconf 80' lang='lat' dir='ltr'>patriciis</span> <span class='ocrx_word' id='word_1_369' title='bbox 701 2507 834 2539; x_wconf 88' lang='lat' dir='ltr'>ducere.</span> <span class='ocrx_word' id='word_1_370' title='bbox 883 2506 991 2545; x_wconf 76' lang='lat' dir='ltr'>Quam</span> <span class='ocrx_word' id='word_1_371' title='bbox 1007 2507 1091 2539; x_wconf 83' lang='lat' dir='ltr'>enim</span> <span class='ocrx_word' id='word_1_372' title='bbox 1108 2506 1201 2550; x_wconf 86' lang='lat' dir='ltr'>prius</span> <span class='ocrx_word' id='word_1_373' title='bbox 1214 2506 1249 2538; x_wconf 90' lang='lat' dir='ltr'><em>in</em></span> <span class='ocrx_word' id='word_1_374' title='bbox 1264 2505 1468 2540; x_wconf 85' lang='lat' dir='ltr'>matrimonio</span> <span class='ocrx_word' id='word_1_375' title='bbox 1486 2504 1643 2547; x_wconf 76' lang='lat' dir='ltr'>habebat,</span> <span class='ocrx_word' id='word_1_376' title='bbox 1667 2513 1763 2537; x_wconf 80' lang='lat' dir='ltr'>acer-</span> 
     </span>
     <span class='ocr_line' id='line_1_41' title="bbox 339 2546 1763 2595; baseline -0.003 -11"><span class='ocrx_word' id='word_1_377' title='bbox 339 2552 394 2591; x_wconf 84' lang='lat' dir='ltr'>ba,</span> <span class='ocrx_word' id='word_1_378' title='bbox 418 2555 460 2590; x_wconf 67' lang='lat' dir='ltr'><em>ut</em></span> <span class='ocrx_word' id='word_1_379' title='bbox 473 2550 548 2590; x_wconf 89' lang='lat' dir='ltr'>scis,</span> <span class='ocrx_word' id='word_1_380' title='bbox 572 2561 612 2583; x_wconf 85' lang='lat' dir='ltr'>ac</span> <span class='ocrx_word' id='word_1_381' title='bbox 629 2551 772 2584; x_wconf 84' lang='lat' dir='ltr'>membra</span> <span class='ocrx_word' id='word_1_382' title='bbox 787 2551 915 2583; x_wconf 85' lang='lat' dir='ltr'>solvens</span> <span class='ocrx_word' id='word_1_383' title='bbox 932 2562 1018 2583; x_wconf 82' lang='lat' dir='ltr'>mors</span> <span class='ocrx_word' id='word_1_384' title='bbox 1033 2551 1186 2595; x_wconf 84' lang='lat' dir='ltr'>perculit.</span> <span class='ocrx_word' id='word_1_385' title='bbox 1231 2551 1323 2584; x_wconf 88' lang='lat' dir='ltr'>Cede</span> <span class='ocrx_word' id='word_1_386' title='bbox 1337 2551 1453 2595; x_wconf 82' lang='lat' dir='ltr'>igitur,</span> <span class='ocrx_word' id='word_1_387' title='bbox 1470 2549 1620 2582; x_wconf 88' lang='lat' dir='ltr'>Domine.</span> <span class='ocrx_word' id='word_1_388' title='bbox 1661 2546 1763 2587; x_wconf 82' lang='lat' dir='ltr'><em>Quod</em></span> 
     </span>
     <span class='ocr_line' id='line_1_42' title="bbox 340 2591 1762 2635; baseline -0.003 -8"><span class='ocrx_word' id='word_1_389' title='bbox 340 2595 485 2635; x_wconf 86' lang='lat' dir='ltr'>suadeo,</span> <span class='ocrx_word' id='word_1_390' title='bbox 510 2600 635 2629; x_wconf 81' lang='lat' dir='ltr'>rectum</span> <span class='ocrx_word' id='word_1_391' title='bbox 656 2599 717 2628; x_wconf 84' lang='lat' dir='ltr'>est.</span> <span class='ocrx_word' id='word_1_392' title='bbox 763 2596 856 2628; x_wconf 89' lang='lat' dir='ltr'>Gere</span> <span class='ocrx_word' id='word_1_393' title='bbox 874 2595 917 2627; x_wconf 87' lang='lat' dir='ltr'>mi</span> <span class='ocrx_word' id='word_1_394' title='bbox 942 2607 1075 2628; x_wconf 86' lang='lat' dir='ltr'>morem.</span> <span class='ocrx_word' id='word_1_395' title='bbox 1122 2596 1178 2629; x_wconf 88' lang='lat' dir='ltr'><em>Ne</em></span> <span class='ocrx_word' id='word_1_396' title='bbox 1198 2596 1306 2629; x_wconf 85' lang='lat' dir='ltr'>iaceat</span> <span class='ocrx_word' id='word_1_397' title='bbox 1321 2597 1364 2628; x_wconf 86' lang='lat' dir='ltr'>ad</span> <span class='ocrx_word' id='word_1_398' title='bbox 1388 2594 1565 2628; x_wconf 87' lang='lat' dir='ltr'>ludibrium</span> <span class='ocrx_word' id='word_1_399' title='bbox 1583 2596 1618 2626; x_wconf 85' lang='lat' dir='ltr'><em>et</em></span> <span class='ocrx_word' id='word_1_400' title='bbox 1632 2591 1762 2625; x_wconf 80' lang='lat' dir='ltr'>irrisio·</span> 
     </span>
    </p>
   </div>
   <div class='ocr_carea' id='block_1_5' title="bbox 340 2635 1761 2729">
    <p class='ocr_par' dir='ltr' id='par_1_8' title="bbox 340 2635 1761 2729">
     <span class='ocr_line' id='line_1_43' title="bbox 340 2635 1761 2684; baseline -0.001 -13"><span class='ocrx_word' id='word_1_401' title='bbox 340 2650 413 2671; x_wconf 86' lang='lat' dir='ltr'><em>nem</em></span> <span class='ocrx_word' id='word_1_402' title='bbox 430 2640 614 2683; x_wconf 87' lang='lat' dir='ltr'>linguarum</span> <span class='ocrx_word' id='word_1_403' title='bbox 637 2640 850 2684; x_wconf 85' lang='lat' dir='ltr'>petulantium</span> <span class='ocrx_word' id='word_1_404' title='bbox 869 2640 927 2684; x_wconf 86' lang='lat' dir='ltr'><em>qui</em></span> <span class='ocrx_word' id='word_1_405' title='bbox 963 2646 998 2674; x_wconf 86' lang='lat' dir='ltr'><em>et</em></span> <span class='ocrx_word' id='word_1_406' title='bbox 1015 2652 1139 2684; x_wconf 84' lang='lat' dir='ltr'>genere</span> <span class='ocrx_word' id='word_1_407' title='bbox 1158 2645 1195 2674; x_wconf 85' lang='lat' dir='ltr'><em>te</em></span> <span class='ocrx_word' id='word_1_408' title='bbox 1213 2641 1372 2684; x_wconf 80' lang='lat' dir='ltr'>attingit,</span> <span class='ocrx_word' id='word_1_409' title='bbox 1411 2643 1447 2672; x_wconf 84' lang='lat' dir='ltr'><em>et</em></span> <span class='ocrx_word' id='word_1_410' title='bbox 1467 2639 1510 2671; x_wconf 88' lang='lat' dir='ltr'><em>ob</em></span> <span class='ocrx_word' id='word_1_411' title='bbox 1532 2638 1652 2672; x_wconf 77' lang='lat' dir='ltr'>bellica</span> <span class='ocrx_word' id='word_1_412' title='bbox 1676 2635 1761 2669; x_wconf 78' lang='lat' dir='ltr'>faci-</span> 
     </span>
     <span class='ocr_line' id='line_1_44' title="bbox 340 2684 914 2729; baseline 0.003 -13"><span class='ocrx_word' id='word_1_413' title='bbox 340 2694 423 2717; x_wconf 75' lang='lat' dir='ltr'>nora</span> <span class='ocrx_word' id='word_1_414' title='bbox 442 2685 483 2717; x_wconf 83' lang='lat' dir='ltr'>ab</span> <span class='ocrx_word' id='word_1_415' title='bbox 501 2685 652 2717; x_wconf 86' lang='lat' dir='ltr'>omnibus</span> <span class='ocrx_word' id='word_1_416' title='bbox 669 2684 914 2729; x_wconf 76' lang='lat' dir='ltr'>praedicatur.’&#39;</span> 
     </span>
    </p>
   </div>
   <div class='ocr_carea' id='block_1_6' title="bbox 430 2735 1761 2786">
    <p class='ocr_par' dir='ltr' id='par_1_9' title="bbox 430 2735 1761 2786">
     <span class='ocr_line' id='line_1_45' title="bbox 430 2735 1761 2786; baseline -0.005 -11"><span class='ocrx_word' id='word_1_417' title='bbox 430 2741 462 2775; x_wconf 91' lang='grc'><em>6.</em></span> <span class='ocrx_word' id='word_1_418' title='bbox 485 2740 550 2774; x_wconf 83' lang='lat' dir='ltr'><em>His</em></span> <span class='ocrx_word' id='word_1_419' title='bbox 573 2740 709 2776; x_wconf 73' lang='lat' dir='ltr'>vocibus</span> <span class='ocrx_word' id='word_1_420' title='bbox 737 2740 902 2775; x_wconf 81' lang='lat' dir='ltr'>insectans</span> <span class='ocrx_word' id='word_1_421' title='bbox 918 2740 1152 2786; x_wconf 86' lang='lat' dir='ltr'>Imperatorem</span> <span class='ocrx_word' id='word_1_422' title='bbox 1176 2743 1229 2783; x_wconf 85' lang='lat' dir='ltr'><em>et,</em></span> <span class='ocrx_word' id='word_1_423' title='bbox 1254 2744 1292 2775; x_wconf 87' lang='lat' dir='ltr'><em>ut</em></span> <span class='ocrx_word' id='word_1_424' title='bbox 1310 2740 1371 2781; x_wconf 81' lang='lat' dir='ltr'><em>fit,</em></span> <span class='ocrx_word' id='word_1_425' title='bbox 1394 2738 1564 2773; x_wconf 77' lang='lat' dir='ltr'>fascinans</span> <span class='ocrx_word' id='word_1_426' title='bbox 1582 2735 1761 2781; x_wconf 77' lang='lat' dir='ltr'>(studebat</span> 
     </span>
    </p>
   </div>
  </div>
 </body>
</html>
