1748 3094
265 164 364 212 446
716 172 763 215 C.
791 174 839 216 B.
868 172 1020 215 HASII
1046 173 1247 217 NOTAE

264 280 359 319 966.
383 277 586 326 tribuunt,
614 277 692 315 Leo
715 282 753 314 et
779 276 869 327 Pagi
886 277 937 315 ad
957 276 1098 316 Baron.
1119 277 1184 319 IV.
1205 281 1270 322 19.
1291 279 1334 319 C.
1354 278 1512 317 biennio
1529 284 1619 331 post
1633 282 1703 316 ac·-

265 334 403 371 cidisse
431 334 713 372 demonstrant.
781 333 991 383 Octoginta
1027 334 1078 372 M.
1108 333 1314 372 hominum
1343 335 1393 373 ad
1424 334 1528 373 hanc
1562 335 1701 386 exped.

265 402 515 440 congregasse
534 389 801 439 Nicephorum
827 389 1116 440 Luitprandus,
1145 396 1243 429 tunc
1263 390 1352 443 Cpli
1369 391 1531 442 degens,
1565 397 1703 429 auctor

261 452 343 492 est,
373 446 499 496 Legat.
518 446 568 483 ad
592 446 675 483 Nic.
695 443 813 484 Phoc.
835 446 927 488 151.
948 445 993 485 A.

374 501 478 539 Ibid.
509 503 578 539 lin.
614 505 677 543 12.
707 497 761 551 η“ν
790 499 859 539 καὶ
890 502 1160 554 Παλαιστίνην
1192 501 1396 553 καλοῦσιν]
1433 502 1628 541 (ἶθᾶι-εηιιε
1655 502 1703 542 II.

261 558 357 600 656.
379 558 422 597 B.
443 557 605 609 Niceph.
627 556 776 608 cepisse
803 556 857 594 ait
878 557 1022 609 oppida
1046 558 1215 610 amplius
1241 564 1397 596 centum
1418 558 1596 608 Ciliciae,
1626 560 1703 609 Sy-

258 614 362 663 riae,
399 613 466 653 καὶ
493 614 686 664 Φοινίκης
707 614 976 664 Λιβανησίας,
1007 621 1043 651 et
1062 616 1304 652 Phoenic-iae
1323 615 1577 652 Libanensis.
1637 615 1703 652 Sic

261 670 364 707 enim
391 670 732 732 ]θςεη<1.ιιω,ῃοη
764 670 978 720 Φοινίκης,
1007 671 1267 722 Λιβανισίας,
1307 670 1503 708 distinctis
1533 670 1703 708 nomini-

258 726 355 774 bus,
386 732 432 762 ut
451 732 508 763 est
527 725 566 762 in
593 738 697 762 cuso.
719 724 787 775 Xy
778 725 928 762 lauder
950 739 1082 764 errore
1099 725 1287 775 ioculari,
1317 734 1352 763 et
1372 727 1636 774 Phoeniciae,
1666 733 1704 762 et

259 784 472 820 Rani-siae.
531 781 751 819 Phoenicen
772 781 967 831 duplicem
990 783 1131 831 fuisse,
1160 778 1323 820 alteram
1340 783 1597 832 maritimam,
1626 779 1708 826 aco}-v

262 841 403 889 ραλον,
433 838 592 888 eiusque
612 843 731 900 caput
753 837 834 887 Ty1
838 850 923 884 um,
953 838 1113 876 alteram
1129 838 1407 889 Libanensem,
1435 839 1701 891 Λιβανησίαν,

222 896 351 932 Ccum
373 893 501 944 capite
519 893 687 943 regionis
708 893 865 940 Emesa,
896 894 960 931 vel
979 894 1112 945 puelis
1134 901 1286 934 notum.

372 949 475 988 lbid.
510 950 582 988 lin.
623 952 685 991 19.
727 949 928 989 Θαδδαῖον
955 953 1029 990 τοῦ
1057 947 1294 1001 αποστόλου]
1326 949 1434 988 Haec
1457 950 1588 988 lucem
1611 963 1702 987 mu-

257 1012 425 1044 tuantur
444 1018 493 1043 ex
511 1006 600 1043 Vita
620 1007 656 1045 S.
678 1004 904 1043 Thaddaei
892 1019 934 1042 1n
955 1006 1050 1046 Cod.
1069 1007 1190 1056 Regio
1208 1006 1334 1044 bonae
1350 1012 1467 1044 notae
1485 1007 1580 1055 548,
1601 1019 1703 1043 non-
1738 1018 1741 1021 ’

258 1061 375 1110 dum,
405 1060 513 1112 quod
539 1061 680 1109 sciam,
718 1061 844 1110 edita,
874 1068 1029 1111 praeter
1054 1063 1269 1112 fragmenta
1295 1075 1317 1099 a
1348 1062 1555 1101 Lambec'io'
1583 1062 1703 1099 allata

260 1118 520 1155 Commentar.
544 1117 592 1155 de
610 1116 713 1154 Bibl.
736 1118 842 1155 Caes.
862 1117 960 1155 Vffl.
981 1119 1075 1160 429.
1097 1120 1142 1158 Α.
1181 1119 1224 1156 In
1247 1131 1291 1156 ea
1307 1124 1436 1156 tamen
1450 1117 1601 1168 tegulae
1622 1117 1702 1155 im-

257 1187 413 1224 pressae
436 1174 583 1210 mentio
605 1173 713 1210 nulla
741 1173 808 1218 fit,
838 1186 954 1223 quam
981 1174 1025 1211 in
1050 1174 1180 1225 aliqua
1197 1175 1280 1212 vita
1305 1174 1454 1212 inedita
1473 1173 1540 1211 vel
1558 1173 1702 1225 deper-

258 1229 338 1266 dita
361 1229 560 1266 Thaddaei
582 1235 836 1266 memoratam
863 1229 982 1267 fuisse
1004 1231 1243 1268 credendum
1269 1235 1339 1269 est.
1395 1231 1452 1267 De
1482 1229 1593 1268 obitu
1618 1229 1701 1267 eius

255 1285 338 1324 vid.
357 1285 621 1335 Menologium
646 1285 830 1322 Graecor.
861 1286 1056 1324 Cardinal.
1088 1287 1229 1323 Albani
1255 1286 1321 1324 111.
1354 1288 1448 1328 137.
1469 1285 1513 1322 D.
1535 1286 1585 1324 de
1610 1285 1699 1336 ipso

256 1343 423 1386 Sancto,
453 1355 551 1378 num
573 1354 698 1391 unus,
729 1341 912 1391 pluresve
936 1342 1085 1379 fuerint
1103 1342 1322 1390 Thaddaei,
1352 1342 1491 1379 caesar
1506 1341 1699 1379 Bal-onius
1718 1375 1721 1377 .

254 1397 306 1435 ad
325 1398 581 1448 Martyrolog.
601 1398 763 1436 Roman.
786 1397 947 1447 Gregor.
967 1398 1073 1435 XIII.
1093 1398 1185 1440 457.
1205 1399 1250 1437 B.

363 1455 468 1504 Pag.
499 1457 563 1495 71.
594 1453 663 1494 lin.
697 1457 735 1495 9.
764 1449 835 1492 τόν
854 1456 1035 1493 τοιοῦτον
1052 1451 1193 1493 σεπτόν
1213 1452 1387 1506 κέραμον
1415 1452 1572 1493 ἐκεῖθεν
1595 1448 1700 1493 ἄνεί-

252 1509 369 1561 ληφε]
402 1510 545 1560 Glycas
570 1511 663 1551 306.
695 1509 736 1546 C.
771 1522 821 1545 ex
850 1509 1067 1560 Hierapoli,
1096 1509 1174 1546 hoc
1200 1515 1259 1546 est
1280 1509 1520 1560 'Mempetze‚
1548 1508 1597 1546 de
1619 1522 1698 1559 quo

249 1566 350 1614 Leo,
381 1566 513 1603 statim
532 1571 642 1616 post,
670 1564 839 1613 tegulam
858 1565 1025 1602 ablatam
1042 1565 1192 1614 scribit,
1221 1571 1260 1602 et
1280 1578 1360 1607 una
1381 1564 1608 1602 cincinnum
1627 1578 1699 1602 ca-

248 1622 443 1674 pillorum
472 1622 508 1661 S.
531 1621 687 1658 Ioannis
711 1620 927 1671 Baptistae,
957 1620 1252 1671 ἒμπεπλημένον
1280 1620 1332 1672 [f.
1360 1619 1697 1672 ἐμπεπιλημὲνον]

250 1678 407 1729 αἵματι,
436 1677 626 1727 sanguine
648 1682 886 1716 concretum.
928 1677 1026 1715 Vide
1045 1677 1183 1715 Labbei
1204 1677 1394 1714 emendat.
1416 1678 1514 1718 376.
1539 1677 1584 1713 Ι).
1611 1677 1698 1714 Joel

249 1748 425 1785 quoque,
457 1734 526 1785 qui
552 1734 717 1785 Glycam
734 1732 953 1785 exscripsit,
983 1732 1279 1785 Chronograph.
1301 1735 1393 1775 181.
1409 1732 1453 1770 B.
1471 1732 1566 1783 legit
1582 1747 1695 1773 πεπι-

246 1794 295 1841 λη
329 1790 433 1830 ένον.

215 1852 247 1886 D
300 1807 325 1842 μ
370 1844 471 1884 Ibid.
501 1845 573 1882 Ζίη.
606 1847 669 1887 12.
700 1843 743 1884 ἔν
760 1847 816 1898 τῷ
833 1847 903 1896 τῆς
926 1841 1175 1897 Θεομήτορος
1201 1847 1308 1914 ναῷ]
1337 1844 1385 1882 In
1411 1844 1597 1883 Tractatu
1621 1856 1693 1886 ms.

246 1901 349 1969 Bibl3
372 1903 465 1952 Reg.
494 1901 560 1938 cui
579 1900 743 1938 titulus:
777 1900 879 1952 Περὶ
907 1898 1144 1953 Νικηφόρον
1170 1904 1242 1941 τοῦ
1272 1899 1463 1950 ἄνακτος,
1491 1899 1561 1940 καὶ
1587 1896 1696 1947 ὅπως

246 1953 349 2008 παρ’
374 1955 497 1997 αὐτοῦ
521 1954 767 2008 ἀνεκομίσθη
786 1972 829 1996 το
850 1956 892 1997 ἐκ
914 1959 985 2008 τῆς
1014 1959 1185 2009 πλευροῖς
1203 1959 1276 2008 τῆς
1295 1952 1444 2003 εἰκόνος
1465 1956 1612 2006 ῥεῦσαν
1631 1952 1696 1995 αἶ-

249 2029 303 2063 μα
324 2017 439 2052 θεῖον
460 2028 530 2052 του
552 2016 739 2068 Σωτῆρος
769 2011 906 2064 ημῶν,
936 2012 1202 2064 Nicephorum
1225 2012 1405 2063 suspicor
1433 2024 1523 2048 cum
1549 2011 1694 2049 Ioanne

249 2068 439 2105 Tzimisce
459 2069 660 2107 confundi.
692 2066 804 2106 Conf.
828 2082 945 2119 supra
967 2071 1058 2110 103.
1071 2070 1114 2106 A.
1133 2069 1227 2106 item
1250 2068 1422 2117 Ducang.
1442 2067 1530 2118 Gpli
1549 2066 1692 2106 Christ.

250 2126 345 2166 131.
368 2124 414 2162 A.
439 2130 476 2160 et
494 2125 600 2162 Nott.
619 2125 669 2161 ad.
689 2126 828 2163 Zonar.
852 2127 945 2166 103.
973 2126 1018 2162 A.

359 2181 464 2230 Pag·
494 2183 560 2221 72.
589 2180 659 2218 lin.
691 2185 730 2222 2.
767 2180 943 2230 ἔκλειψιν
971 2179 1118 2231 συνέβη
1148 2207 1158 2217 .
1189 2207 1201 2217 .
1228 2180 1300 2218 τοῦ
1330 2175 1447 2229 ηλίου
1479 2175 1689 2230 γενέσθω]

249 2234 308 2272 De
333 2234 414 2272 hoc
440 2235 533 2272 solis
565 2235 758 2286 deliquio,
788 2237 895 2274 unde
916 2236 1127 2287 praecipue
1152 2240 1281 2285 patet,
1310 2233 1601 2285 expeditionem
1619 2235 1693 2285 Sy-

247 2291 395 2330 riacam
418 2290 630 2341 Nicephori
649 2292 699 2328 ad
718 2306 806 2333 ann,
834 2295 928 2335 968.
947 2292 1160 2343 pertinere,
1190 2303 1263 2327 nec
1280 2291 1447 2327 Leonem
1468 2295 1691 2341 temporum

248 2347 425 2390 ordinem
452 2347 741 2396 intervertisse,
770 2347 863 2386 vide
891 2348 1031 2386 calvis.
1061 2347 1136 2397 Op.
1164 2345 1339 2383 chronol.
1362 2349 1456 2388 699.
1478 2346 1522 2386 D.
1547 2346 1688 2384 Baron.

247 2403 394 2443 Annal.
418 2403 523 2441 Eccl.
541 2402 644 2440 XVI.
665 2403 759 2444 375.
785 2404 830 2441 A.
853 2403 1011 2453 Pagium
1037 2403 1172 2441 Critic.
1198 2401 1265 2441 IV.
1288 2405 1352 2443 19.
1377 2402 1424 2440 D.
1446 2401 1616 2450 Accidit,
1645 2406 1690 2438 ut

247 2466 354 2498 recte
378 2459 435 2497 ait
452 2460 529 2496 Leo
543 2488 553 2506 ,
584 2458 621 2495 d.
643 2463 707 2500 22.
727 2460 950 2497 Decembris
971 2474 1004 2497 a.
1025 2461 1118 2501 968.
1138 2470 1230 2494 cum
1250 2456 1494 2508 Nicephorus
1512 2457 1554 2494 iu
1574 2455 1688 2506 Syria

247 2521 389 2566 ageret,
419 2514 681 2566 Luitprandus
701 2514 745 2550 in
763 2514 914 2552 Italiam
929 2515 1083 2553 rediens
1105 2515 1296 2564 Corcyrae
1315 2515 1360 2550 in
1378 2526 1513 2550 mensa
1523 2513 1688 2563 positus

240 2586 391 2622 panem
408 2569 631 2609 comederet.
668 2571 798 2620 Legat.
820 2571 870 2608 ad
886 2570 1050 2621 Niceph.
1074 2571 1167 2613 159.
1190 2570 1235 2608 D.

363 2627 464 2667 Ibid.
494 2628 565 2666 lin.
595 2629 633 2669 7.
662 2623 837 2682 τετάρτῃ]
869 2626 1118 2664 Combefisius
1139 2628 1258 2663 tertia
1276 2639 1337 2677 ap.
1356 2623 1519 2675 Pagium
1532 2622 1599 2662 IV.
1618 2625 1685 2665 20.
