1768 3034
289 113 355 161 72
767 120 969 164 LEONIS
998 120 1235 163 DIACONI

82 232 118 265 A.
137 233 180 264 M.
198 230 287 266 6477
397 223 464 270 ια’.
497 225 563 268 Ἐν
582 220 613 283 ᾧ
637 226 679 269 δὲ
697 230 826 268 ταῦτα
843 231 901 283 τῷ
919 230 1080 280 βασιλεῖ
1091 226 1194 267 κατὰ
1212 225 1286 280 τὴν
1307 225 1458 283 Συρίαν
1485 222 1713 282 ἐπράττετο,

107 279 198 354 ing·-
211 279 289 356 19268
298 290 469 346 ἔκλειψιν
489 294 633 348 συνέβη
653 296 740 349 περὶ
755 293 976 348 χειμερινὰς
993 293 1145 349 τροπὰς
1164 298 1235 334 τοῦ
1254 291 1369 347 ἡλίου
1387 292 1597 348 γενέσθαι,
1631 294 1719 335 οἵαν

123 370 147 400 ῐ.
170 369 211 401 Ν.
229 370 251 402 6
294 361 459 413 μηδέπω
477 362 621 414 συνέβη
642 361 827 415 γενέσθαι
844 360 890 401 τὸ
909 358 1124 415 πρότερον,
1161 360 1263 414 πλὴν
1291 361 1438 414 ἐκείνην
1458 360 1530 413 τὴν
1555 361 1618 400 ἐπὶ
1646 363 1719 401 τοῦ

260 429 533 469 Βδεσποτικοῦ
561 426 723 476 πάθους
749 431 962 482 προβᾶσαν
991 427 1059 468 διὰ
1086 427 1160 480 τὴν
1186 431 1268 469 τῶν
1284 427 1487 468 Ἰουδαίων
1512 425 1716 477 ἀπόνοιαν,

296 493 347 547 ἢν
370 495 697 548 ἐπλημμέλησαν,
735 498 896 550 σταυρῷ
915 493 986 536 τὸν
1007 498 1089 535 τῶν
1108 493 1210 535 ὅλων
1240 493 1481 548 δημιουργὸν
1508 491 1755 549 προσηλώ-5

297 576 449 609 σαντες.
494 561 541 602 τὸ
564 562 606 602 δὲ
627 566 699 615 τῆς
717 562 926 614 ἐκλείψεως
951 559 1054 610 εἶδος
1081 565 1263 603 τοιοῦτον
1291 561 1530 613 συνέβαινεν.
1584 558 1723 601 εἰκάδα

298 628 486 682 δευτέραν
511 627 680 681 ἤλαυνεν
709 626 730 669 ὃ
758 628 1027 682 Δεκέμβριος,
1072 626 1242 684 τετάρτῃ
1272 629 1315 669 δὲ
1342 632 1415 681 τῆς
1441 626 1592 682 ἡμέρας
1619 626 1719 685 ὥρᾳ,

299 698 512 749 σταθηρᾶς
529 696 694 749 αἰθρίας
712 694 855 749 οὔσης,
893 693 1036 743 σκότος
1054 695 1188 748 ἐπέσχε
1207 694 1281 748 τὴν
1298 699 1395 749 γῆν,
1432 696 1499 735 καὶ
1518 694 1556 735 οἳ
1573 696 1722 749 διαφα-

1764 343 1768 374 1

297 767 375 808 νεΐς
402 765 484 803 τῶν
512 761 689 816 ἀστέρων
716 761 887 810 ἅπαντες
915 763 1215 817 κατεφαίνοντο.
1269 756 1319 815 ἦν
1349 762 1392 803 δὲ
1424 759 1523 819 ὃρᾷν
1551 760 1622 802 τὸν
1649 764 1722 802 τοῦ

262 825 411 881 Οῆλιόυ
445 829 580 870 δίσκον
609 828 773 883 ἀλαμπῆ
802 830 867 870 καὶ
897 827 1149 884 ἀφώτιστον,
1188 828 1327 882 αἴγλην
1353 828 1400 870 δέ
1426 845 1516 869 τινα
1540 827 1723 883 ἀμυδρὰν
1736 831 1768 864 1(

296 896 363 935 καὶ
388 895 526 949 ἰσχνὴν
534 927 547 946 ,
585 897 737 944 ταινίας
764 897 876 949 δίκην
897 900 1064 949 λεπτῆς,
1101 895 1203 936 κατὰ
1221 896 1268 937 τὸ
1296 895 1418 950 ἄκρον
1437 893 1632 936 κυκλόθεν
1652 894 1723 936 τὸν

297 962 435 1002 δίσκον
453 960 804 1016 περιαυγάζουσαν.
843 963 946 1004 κατὰ
963 962 1105 1017 μικρὸν
1125 963 1169 1003 δὲ
1188 962 1262 1016 τὴν
1280 961 1447 1016 σελήνην
1465 962 1724 1016 παραμείβων

299 1025 320 1068 ὅ
348 1027 460 1081 ἥλιος
489 1027 643 1084 (ὥρᾶτο
673 1029 748 1084 γὰρ
770 1028 870 1083 αὕτη
897 1030 1001 1071 κατὰ
1025 1027 1199 1070 κάθετον
1225 1029 1347 1070 αὐτὸν
1376 1027 1724 1084 ἀντιφράττουσα)

295 1094 371 1143 τὰς
398 1097 502 1144 ἰδίας
529 1095 690 1143 ἀκτῖνας
709 1096 916 1149 ἐξέπεμπε,
952 1098 1018 1138 καὶ
1038 1096 1173 1151 φωτὸς
1201 1091 1324 1144 αὗθις
1349 1093 1521 1150 ἐπλήρου
1543 1095 1616 1148 τὴν
1634 1099 1719 1149 γῆν.

299 1165 358 1216 τῷ
389 1166 510 1218 καινῷ
542 1158 613 1203 οὖν
644 1165 709 1203 καὶ
737 1162 932 1216 ἀσυνήθει
966 1167 1039 1204 τοῦ
1070 1161 1274 1218 δράματος
1303 1162 1660 1216 ἐκδειματωθέντες
1686 1161 1768 1203 οἲ1έ

298 1226 521 1284 ἄνθρωποι,
560 1229 605 1270 τὸ
625 1233 737 1270 θεῖον
760 1230 984 1285 ἱκετηρίαις,
1023 1228 1077 1278 ὥς
1098 1229 1144 1271 τὸ
1165 1230 1286 1280 εἰκὸς,
1324 1228 1586 1278 ἐξιλάσκοντο.
1633 1226 1723 1270 τότε

300 1297 366 1335 καὶ
385 1295 507 1344 αὐτὸς
524 1295 599 1349 ἐγώ
627 1300 683 1351 τῷ
705 1298 912 1353 Βυζαντίῳ
941 1298 1222 1352 ἐπεχωριάζον,
1259 1296 1404 1349 μετιὼν
1429 1296 1503 1349 τὴν
1523 1294 1725 1350 ἐγκύκλιον

299 1362 515 1404 παίδευσιν.
567 1360 587 1403 ὃ
618 1363 662 1403 δὲ
678 1362 865 1415 βασιλεὺς
893 1366 978 1416 (δεῖ
992 1364 1067 1418 γὰρ
1096 1363 1166 1404 τὸν
1187 1361 1305 1416 λόγον
1332 1366 1404 1404 τοῦ
1425 1362 1562 1417 εἷρμοῦ
1582 1363 1735 1417 ἐκτρα-ι.

298 1429 423 1469 πέντα
442 1429 508 1469 ἐπ’
540 1429 663 1470 αὐτὸν
689 1434 833 1470 τοῦτον
856 1426 977 1478 αὖθις
1000 1429 1300 1486 ἐπαναγαγεῖν),
1339 1430 1419 1470 ἐπεὶ
1439 1429 1491 1470 τὰ
1511 1434 1590 1470 τῶν
1609 1430 1724 1470 ἐναν-

259 1495 397 1536 Βτίων
415 1493 590 1550 φρούρια
619 1493 717 1536 εἶλεν
748 1496 918 1547 ἀκονιτὶ,
956 1497 1019 1537 ἐπὶ
1045 1496 1119 1550 τὴν
1140 1495 1342 1549 Ἀντιόχου
1379 1494 1584 1551 ἐπορεύετο
1612 1502 1768 1549 nupt-2(

89 1568 157 1600 Fol.
174 1567 242 1604 292
256 1578 282 1600 r.
300 1563 472 1615 πληθεὶ,
520 1563 587 1602 καὶ
605 1561 692 1616 πρὸ
722 1566 803 1603 τῶν
831 1567 969 1623 τειχῶν
997 1563 1123 1616 αὐτῆς
1151 1561 1374 1616 πηξάμενος
1398 1561 1583 1617 χάρακα,
1630 1563 1726 1611 τοὺς

300 1628 548 1683 στρατηγοὺς
575 1629 641 1668 καὶ
667 1629 862 1683 λοχαγοὺς
892 1630 1148 1684 συναγηοχὼς
1156 1661 1168 1680 ,
1207 1631 1247 1670 ἐν
1275 1633 1452 1684 περιωπῇ
1481 1646 1523 1670 τε
1552 1629 1656 1670 κατὰ
1676 1629 1723 1670 τὸ

297 1692 502 1751 ὕπαιθρον
529 1694 648 1746 στὰς,
686 1693 786 1746 ἔλεξε
811 1701 941 1738 ταῦτα
956 1710 966 1719 ·
1009 1697 1095 1748 „vde
1124 1697 1197 1749 μὲν
1217 1696 1389 1737 ἐπέκεινα
1409 1694 1559 1750 ταύτης
1581 1695 1723 1754 ἀνῳκι-

389 1813 443 1846 18.
473 1812 672 1846 παίδευσιν.
720 1812 799 1847 Vid.
823 1824 926 1859 supra
952 1811 1008 1849 40.
1038 1814 1078 1848 A.
1103 1813 1142 1847 Β.
1230 1814 1286 1849 23.
1318 1813 1444 1848 ταῦτα.
1485 1813 1580 1847 Alius
1605 1817 1723 1847 auctor

389 1857 530 1890 dixisset
547 1855 645 1892 τάδε.

390 1958 443 1990 11.
468 1957 563 1990 Haec
588 1958 665 1991 dum
683 1959 726 1992 ab
741 1959 945 2003 Imperatore
963 1959 998 1992 in
1014 1958 1114 2003 Syria
1133 1962 1314 2002 geruntur,
1337 1959 1398 1991 sub
1418 1958 1561 1991 solstitio
1581 1957 1722 1991 hiberno

299 2000 378 2032 solis
404 2001 466 2033 fuit
484 2002 628 2035 desectio
646 2004 751 2047 qualis
769 2015 934 2047 nunquam
952 2009 1050 2036 antea
1071 2004 1206 2043 accidit,
1229 2008 1364 2047 praeter
1381 2003 1470 2036 illam
1485 2014 1571 2046 quae
1588 2002 1623 2034 in
1643 2014 1722 2046 pas-

300 2045 393 2077 sione
421 2045 584 2079 dominica
611 2049 710 2081 terris
735 2048 872 2081 inducta
889 2054 942 2081 est
957 2050 999 2081 ob
1021 2049 1215 2081 Iudaeorum
1235 2047 1447 2087 dementiam,
1471 2059 1539 2091 qua
1554 2048 1723 2080 occaecati

299 2090 545 2123 aedificatorem
563 2092 712 2125 universi
729 2094 822 2125 cruci
842 2094 1031 2126 affixerunt.
1076 2093 1236 2126 Defectus
1252 2093 1366 2135 specie
1381 2093 1441 2125 tali
1459 2098 1543 2125 erat.
1591 2091 1721 2124 Vicesi-

299 2145 368 2166 mus
394 2136 557 2168 secundus
586 2136 658 2169 dies
679 2138 843 2179 agebatur
860 2138 981 2170 mensis
999 2138 1192 2171 Decembris
1212 2138 1294 2169 hora
1310 2136 1379 2169 diei
1399 2141 1531 2181 quarta,
1554 2136 1649 2169 coelo
1667 2146 1721 2169 se-

300 2189 392 2218 reno,
417 2190 489 2212 cum
507 2181 668 2214 tenebrae
687 2187 799 2214 terrae
817 2182 944 2215 offusae
961 2188 1048 2222 sunt,
1071 2182 1251 2224 stellaeque
1263 2181 1443 2214 lucidiores
1459 2192 1570 2214 omnes
1590 2192 1626 2213 se
1641 2192 1721 2224 ape-

299 2227 445 2256 ruerunt.
491 2224 630 2258 Poterat
647 2225 765 2258 videre
781 2227 1007 2269 uuusquisque
1028 2226 1107 2259 solis
1126 2227 1237 2259 orbem
1256 2225 1327 2258 sine
1345 2226 1534 2269 splendore,
1557 2225 1642 2258 lucis
1662 2235 1722 2258 ex-

298 2273 438 2311 pertem,
462 2268 689 2313 fulgoremque
700 2270 842 2313 aliquem
862 2272 1038 2303 obscurum
1058 2282 1098 2303 ac
1117 2276 1261 2310 tenuem,
1283 2271 1408 2304 fasciae
1423 2274 1584 2313 angustae
1602 2270 1720 2309 instar,

300 2313 457 2344 extremis
474 2315 624 2355 partibus
642 2325 701 2358 per
719 2326 808 2347 oram
828 2316 918 2347 orbis
934 2315 1232 2348 circumlucentem.
1278 2315 1446 2348 Paulatim
1461 2326 1542 2348 vero
1558 2314 1607 2347 sol
1623 2325 1723 2358 prae-

298 2357 506 2400 tergrediens
522 2358 632 2391 lunam
652 2359 856 2402 (apparebat
878 2359 962 2393 enim
980 2361 1063 2393 haec
1082 2359 1124 2392 ad
1144 2359 1413 2402 perpendiculum
1429 2359 1518 2392 illum
1536 2358 1721 2400 obducens)

302 2402 460 2444 pristinos
482 2402 594 2435 radios
613 2403 740 2443 emisit,
773 2403 912 2447 luceque
928 2404 1035 2437 denuo
1052 2405 1228 2447 complevit
1242 2409 1376 2437 terram.
1422 2404 1498 2443 Quo
1517 2414 1602 2436 novo
1620 2408 1721 2446 atque.

302 2445 434 2479 insolito
463 2447 654 2492 spectaculo
681 2449 870 2480 conturbati
902 2449 1068 2488 homines,
1102 2459 1239 2488 numen,
1263 2454 1301 2481 ut
1319 2459 1380 2492 par
1397 2454 1491 2488 erat,
1515 2447 1722 2492 supplicibus

301 2491 389 2523 votis
419 2492 609 2535 placabant.
661 2491 788 2524 Eadem
811 2498 1010 2535 tempestate
1036 2493 1109 2536 ipse
1126 2504 1256 2537 quoque
1278 2492 1566 2536 Constantinopoli
1581 2503 1721 2525 commo-

301 2536 414 2576 rabat,
436 2547 636 2580 operamque
652 2536 842 2569 liberalibus
864 2537 1049 2581 disciplinis
1067 2537 1196 2570 dabam.
1242 2538 1426 2581 Imperator
1442 2543 1550 2570 autem
1568 2537 1723 2580 (oportet

302 2580 386 2612 enim
404 2582 585 2614 orationem
602 2593 621 2614 e
638 2585 795 2614 contextu
806 2592 973 2624 egressam
991 2582 1033 2614 ad
1051 2582 1142 2615 illum
1158 2593 1272 2615 rursus
1288 2582 1438 2624 reduci),
1457 2581 1720 2615 adversariorum

300 2625 444 2658 castellis
459 2627 547 2659 nullo
568 2625 704 2669 negotio
719 2625 838 2669 captis,
862 2637 934 2659 cum
952 2626 1101 2658 omnibus
1119 2627 1224 2669 copiis
1243 2626 1450 2660 Antiochiam
1469 2626 1637 2670 profectus
1657 2629 1721 2663 est,

299 2669 484 2713 castrisque
509 2671 552 2703 ad
579 2681 706 2704 murum
736 2670 872 2714 positis,
896 2671 1040 2703 tribunis
1064 2671 1378 2714 centurionibusque
1405 2669 1617 2708 convocatis,
1647 2680 1720 2701 cum

297 2710 369 2745 loco
391 2715 571 2759 conspicuo
594 2715 656 2750 sub
676 2714 756 2750 divo
776 2715 991 2756 constitisset,
1014 2715 1174 2749 eiusmodi
1193 2716 1384 2749 concionem
1401 2715 1535 2749 habuit:
1558 2714 1722 2755 „Remota
