1754 2996
301 133 399 181 498
757 138 805 183 C.
831 139 878 186 Β.
906 135 1062 181 HASlI
1087 136 1288 182 NOTAE

301 261 373 286 του
355 241 630 314 ’περιέχοντος
651 241 912 296 δεδειγμένου.
959 239 1040 294 (Γ.)
1065 239 1147 281 Καὶ
1167 238 1217 293 δὴ
1238 239 1410 294 ἐξίημεν,
1437 237 1742 311 δορυφορουμε-

301 317 365 342 νοι
380 316 490 351 παρα
506 303 586 340 τῶν
603 300 800 370 ἐγχωρίων
818 300 1046 349 διαφανῶς,
1074 293 1238 338 πάντων
1255 297 1312 345 εἰς
1326 295 1395 350 ἐμὲ
1407 312 1481 345 τας
1494 302 1625 351 χεῖρας
1643 293 1743 338 ἄνα-

301 353 568 427 κροτούντων,
596 357 664 395 καὶ
684 350 903 425 βλεπόντων
922 370 976 402 ως
997 351 1121 422 πρόςξ
1104 353 1266 394 -οἰκεῖον
1288 351 1415 394 αὑτοῦ
1433 352 1593 422 ἕκαστος
1602 350 1653 407 *)‚
1672 352 1743 394 καὶ

302 411 351 454 τὰ
375 412 533 467 μέγιστα
556 408 788 463 εὐχομένων.
850 406 946 451 Τότε
970 409 1041 462 μὲν
1069 411 1145 449 οὖν
1172 405 1267 450 ου’δὲ
1283 405 1437 459 πάντας
1459 405 1607 457 av'tov'g
1629 409 1742 461 ἑβδο-

301 466 479 534 μήκοντα
499 469 678 514 σταδίους
697 467 1024 535 παρημείψαμεν,
1053 464 1122 506 καὶ
1135 468 1259 505 ταῦτα
1277 480 1354 518 προ
1372 463 1489 517 ἡμῶν
1508 463 1638 505 αλλων
1654 466 1740 505 δια·

301 521 525 593 βεβηκότων
551 523 619 563 καὶ
642 521 685 563 τὸ
707 520 807 563 πολὺ
832 525 903 575 τῆς
923 537 1063 588 χιωνος
1084 520 1418 588 ε’κκρουσαμένων.
1478 523 1539 587 Τῇ
1558 517 1599 562 δ’
1623 519 1736 561 ’ὔστε-

155 586 194 621 Ρ,
214 586 284 622 256
307 582 400 637 ραία
424 576 645 648 αρξάμενοι
664 575 945 631 χαλεπωτατα.
935 574 1169 646 προῄειμεν,
1197 589 1328 647 ωσπερ
1356 575 1421 617 ἐπι
1439 573 1635 643 πελάγους
1659 577 1742 617 δια.

301 637 533 683 παλαίοντες
551 633 650 676 κατὰ
670 639 740 687 τῆς
762 650 918 704 χιωνος.
978 631 1037 673 Ου
1058 649 1137 703 γαρ
1155 630 1206 685 δή
1227 636 1282 686 γῆ
1301 648 1361 681 τις
1386 629 1514 674 ἐδόκει
1533 630 1648 682 εἶναι,
1673 648 1741 673 ου-

303 693 348 734 δὲ
364 708 461 762 χιων
478 689 677 743 συνήθης·
708 687 796 731 ἄλλ’
814 692 856 731 οἵ
870 689 941 742 μὲν
957 690 1070 730 ιπποι
1089 688 1220 742 μέχρις
1235 685 1436 742 τραχήλων
1452 685 1526 741 ου’χ
1541 687 1739 742 ἕωρῶντο’

302 765 351 790 τα
381 745 424 788 6'
451 745 667 816 υποζυγια,
693 748 834 799 καίπερ
859 750 1056 786 τελευταῖα
1079 743 1382 786 ακολουθοῦντα
1401 743 1525 797 ἡμῖν,
1555 744 1742 794 διεφθεί-

305 820 414 858 ρετο,
442 804 509 845 καὶ
529 801 653 845 αυτοῦ
669 801 793 844 πολλα
811 801 1094 842 καταλέλειπτο.
1149 797 1396 854 Τετρᾶπηχυς
1411 816 1485 854 γαρ
1503 799 1533 851 ἦ
1549 816 1649 867 χιων
1662 798 1741 841 ἐλέ-

302 876 412 927 γετο,
441 860 510 901 καὶ
529 863 706 913 χαλεπῶς
736 856 903 911 διαβατη
931 853 996 910 ἦν.
1053 855 1202 897 Πολλοὶ
1230 855 1274 897 δὲ
1304 855 1374 896 καὶ
1397 871 1479 897 των
1501 853 1741 897 ακολούθων

302 913 548 970 ἀφώρμησαν
574 916 728 963 οίκαδε,
760 911 930 973 μειζον
910 931 936 979 η
961 908 1051 954 κατ’
1075 909 1340 981 ανθρωπίνην
1355 908 1539 978 δυναμιν
1559 927 1603 952 το
1631 908 1741 963 ξυμ-

301 975 380 1026 βαν
406 971 622 1040 οἰηθέντες.
678 970 760 1011 Καὶ
790 973 844 1023 ἠν
871 985 947 1024 γαρ
975 985 1012 1009 τι
1039 984 1119 1009 των
1145 985 1195 1009 ου
1220 964 1457 1038 ξυντρόφων
1483 965 1528 1009 vd
1556 965 1740 1020 χαλεπον,

290 1026 550 1080 πολλαχόθεν
578 1031 660 1068 τῶν
690 1028 890 1094 δυσχερῶν
916 1022 1130 1067 ἐπιόντων·
1165 1028 1310 1076 χιῶνος
1337 1022 1408 1076 μὲν
1436 1025 1623 1090 βαθείας
1634 1038 1741 1065 ουτω

267 1083 373 1125 Βκαὶ
396 1087 551 1136 πυκνῆς
577 1080 782 1132 κάτωθεν,
813 1079 941 1136 οἷέρων
966 1080 1010 1122 δὲ
1036 1077 1267 1137 βαρυτατων
1292 1078 1456 1121 ανωθεν
1481 1080 1530 1133 ἐμ
1530 1075 1740 1121 πνεόντων.

294 1141 521 1193 ’Λνακωχης
548 1136 590 1180 δ’
622 1135 854 1191 ουδαμόθεν
881 1135 1234 1207 προσδοκωμένης,
1263 1132 1359 1177 ουδ’
1390 1133 1489 1176 οθεν
1517 1151 1577 1184 τις
1596 1150 1741 1188 αμεινα

299 1197 413 1248 σχοίη
429 1194 731 1262 τεκμαιρομένης
761 1192 824 1247 (τὰ
847 1210 922 1247 γαρ
942 1190 1072 1234 πάντα
1089 1189 1282 1262 οἷνωφελῆ
1296 1190 1365 1232 καὶ
1385 1187 1561 1260 ἀνόνητα
1583 1207 1669 1240 πως
1695 1192 1739 1232 ἐν

299 1257 383 1300 τοῖς
409 1249 496 1292 τότε
520 1253 665 1299 δεινοῖς
684 1249 914 1302 ἐδέδεικτο),
943 1265 1019 1290 ουκ
1041 1244 1096 1301 ἧν
1119 1264 1228 1300 πυρα
1243 1251 1406 1298 καῦσαι,
1435 1243 1529 1288 οὔδ’
1551 1263 1740 1288 αναπαυ-

300 1313 450 1348 σασθαι
440 1305 561 1375 πρὸς
578 1304 708 1376 ακαρῆ
723 1304 855 1360 χώραν
868 1309 926 1356 **)
944 1305 1042 1358 ’ἡμῖν
1058 1304 1088 1357 ἦ
1099 1320 1201 1370 χιων
1214 1303 1404 1345 ἐνεδίδου.
1445 1301 1526 1356 (Δ.)
1545 1298 1679 1344 Ευναι
1695 1301 1743 1343 δὲ

298 1379 373 1416 την
397 1361 524 1404 νύκτα
543 1364 586 1403 αἱ
605 1360 766 1411 ασπίδες
784 1359 1009 1431 προσῄεσαν
1025 1359 1121 1413 ***)
1144 1376 1275 1401 παντα
1284 1359 1390 1428 ἡμῖν
1413 1359 1560 1400 ἐκεῖναι
1578 1359 1646 1400 καὶ
1658 1360 1741 1400 κλί-

299 1436 366 1460 ναι
385 1421 452 1461 καὶ
472 1420 665 1460 έπικλίνια
679 1415 924 1470 νομιζόμεναι
934 1415 982 1457 τοὶ
1000 1412 1262 1485 λαμπρότατα.
1284 1412 1350 1456 Ἐν
1359 1431 1434 1483 γαρ
1454 1410 1590 1463 αυταῖς
1606 1431 1655 1455 τα
1667 1427 1742 1456 σω-

299 1492 401 1528 ματα
420 1491 670 1544 ανεπαυομεν
687 1475 750 1515 ἐπὶ
760 1490 887 1541 πυρα,
905 1470 1068 1540 κιῖκείνῃ
1091 1489 1139 1513 ου
1163 1474 1335 1525 λαμπρα.
1365 1468 1526 1511 ’Ὕπνον
1536 1469 1587 1523 †)
1607 1469 1651 1512 δὲ
1670 1470 1741 1511 καὶ

297 1530 346 1572 τοὶ
375 1532 414 1581 ἐξ
445 1528 613 1601 ὀνείρων
641 1543 920 1599 φαντασματα,
959 1541 1090 1581 ωσπερ
1119 1526 1352 1594 φοβηθέντα
1380 1523 1569 1576 κακεῖνα,
1608 1523 1740 1568 πάντα

261 1586 534 1640 Οοῖπέστησαν.
568 1585 734 1639 Ἀντεῖχε
753 1582 796 1626 δ’
815 1582 947 1633 ουδεὶς
965 1582 1085 1625 αλλου
1103 1580 1264 1624 καλλιον
1278 1581 1380 1635 ††)·
1404 1579 1549 1631 πάντες
1566 1578 1607 1624 δ’
1626 1581 1680 1630 ὥς
1693 1582 1738 1624 ἐν

300 1647 420 1711 κοινῇ
423 1646 629 1714 συμφορᾷ
649 1642 802 1708 ὁμοίως
815 1641 884 1682 καὶ
909 1638 1041 1693 ψυχας
1065 1639 1133 1680 καὶ
1157 1651 1349 1706 σωματα
1337 1639 1563 1691 διετίθεντο.
1617 1635 1738 1691 ’Epa-

296 1697 434 1767 κάρισέ
449 1716 507 1747 τις
521 1697 614 1747 τούς
629 1694 891 1765 τεθνηκότας,
923 1713 977 1744 ως
993 1711 1064 1736 του
1085 1691 1349 1764 φροντίζειν”
1321 1711 1403 1746 αμα
1420 1693 1488 1741 καὶ
1504 1698 1578 1735 τοῦ
1595 1698 1737 1735 πονεῖν

297 1751 564 1803 ἀποστάντας·
594 1755 831 1822 ἐσχετλίασεν
862 1750 980 1800 ἄλλος
1006 1767 1104 1791 κατα
1131 1766 1215 1791 των
1243 1750 1466 1817 ἐσομένων,
1493 1751 1626 1798 ποίοις
1655 1766 1736 1804 αρα

296 1811 364 1851 καὶ
387 1807 501 1852 αὐτοὶ
521 1813 666 1859 δεινοῖς
684 1807 727 1850 τὸ
752 1811 823 1865 ζῇν
844 1804 1164 1861 έκμετρήσουσιν.
1222 1807 1275 1847 Oi
1294 1805 1337 1847 δὲ
1354 1802 1578 1859 πρόσκοποι
1597 1805 1735 1855 ἐξέκα-

295 1882 371 1917 μον
396 1867 463 1908 καὶ
490 1864 625 1915 αὐτοὶ,
653 1863 733 1906 υπὸ
762 1867 836 1905 τοῦ
854 1866 1002 1905 πολλοῦ
1031 1865 1160 1904 κακοῦ
1178 1861 1429 1914 νικηθέντες,
1456 1861 1525 1903 καὶ
1550 1861 1734 1931 προϊέναι

298 1937 371 1961 ουκ
395 1923 552 1974 ἴσχυον,
579 1919 745 1973 ασαφαῖς
772 1936 877 1961 ουτω
903 1917 1160 1972 πορευόμενοι
1179 1916 1279 1959 κατοῖ
1298 1920 1379 1986 τῆς
1399 1933 1553 1969 χιωνος.
1615 1915 1667 1958 Το
1688 1915 1733 1958 δὲ

255 1974 348 2028 Βδή
366 1975 656 2028 χαλεπώτατον,
685 1974 746 2018 ότι
765 1975 833 2017 καὶ
852 1973 918 2016 δια
937 1976 1125 2042 πολεμίας
1143 1971 1416 2042 ἐπορευόμεθα
1431 1976 1554 2043 χῆς,
1552 1972 1621 2014 καὶ
1638 1969 1732 2014 ουδ’

292 2032 338 2072 ἐκ
355 2030 497 2073 τούτου
523 2031 619 2074 οἷδεᾶ
643 2032 741 2085 ημῖν
763 2027 1018 2083 καθειστήκει
1031 2046 1080 2070 τα
1097 2027 1324 2083 πράγματα,
1353 2025 1424 2069 αλλ
1465 2029 1509 2069 έν
1529 2027 1654 2082 ὁμοίῳ
1671 2025 1730 2078 τό,

291 2102 334 2128 τε
351 2091 424 2128 τοῦ
437 2093 627 2139 χειμῶνος
642 2090 710 2129 καὶ
723 2105 765 2128 το
784 2090 863 2128 τῶν
881 2087 1078 2139 πολεμίων
1089 2086 1276 2138 ὑφωρᾶτο
1292 2080 1430 2125 κακόν.
1457 2083 1506 2122 H.
1515 2098 1548 2122 e.
1570 2083 1731 2135 ..dffi-

292 2144 419 2181 culter
435 2145 696 2195 applicabant
714 2143 886 2196 [lintres]
895 2173 906 2192 ,
936 2144 1097 2180 tametsi
1113 2154 1380 2192 unaquaeque
1395 2153 1535 2177 earum
1557 2154 1637 2178 non
1659 2140 1730 2177 ul-

291 2208 358 2236 tra
373 2207 503 2237 ternos
521 2200 696 2237 homines
718 2207 889 2250 caperet.-
917 2198 1015 2236 adeo
1035 2205 1148 2235 erant
1163 2196 1405 2234 mirabiliteir
1422 2197 1550 2233 exiles.
1583 2197 1730 2247 Quan-

291 2270 415 2307 quam
436 2270 484 2293 ne
508 2257 569 2292 sic
595 2255 754 2306 quidem
783 2256 916 2292 locum
941 2256 1116 2292 invenire
1132 2259 1318 2304 poterant
1338 2254 1381 2290 in
1397 2253 1560 2303 fluctu,
1587 2252 1729 2290 multia·

289 2326 430 2350 earum
455 2310 613 2349 duobus
642 2313 830 2348 maximis
848 2312 1008 2362 glaciei>
1020 2311 1177 2360 frustis
1200 2309 1353 2346 collisis
1377 2315 1496 2359 atque
1518 2309 1728 2346 contriti-9:

288 2367 406 2419 quod
430 2370 582 2420 quoties
607 2366 837 2417 accidebat,
867 2367 1067 2405 exilientes
1083 2380 1105 2403 e
1130 2366 1251 2403 lintre
1269 2366 1343 2416 qui
1360 2365 1540 2414 inerant,
1570 2365 1612 2401 in
1627 2363 1726 2415 gla-

331 2457 349 2476 *
419 2456 431 2489 i
551 2480 561 2490 .

329 2454 694 2557 *QSSZPYJQQQ
714 2513 767 2544 est
786 2509 939 2555 χρόνον,
962 2510 1117 2556 idemque
1134 2510 1252 2556 postea
1271 2507 1451 2543 inductum.

325 2567 403 2612 ***)
426 2569 486 2602 Sic
509 2567 595 2603 eod.
617 2568 709 2602 Num
729 2569 939 2615 προσῆσαν;

324 2623 369 2668 ἦ)
388 2621 528 2665 ‘'Tmog
550 2624 637 2662 cod.

321 2681 395 2725 ††)
426 2681 499 2715 Hic‘
515 2682 642 2739 scripta
661 2684 758 2716 erant
773 2681 857 2715 haec
872 2691 939 2714 non
955 2679 1127 2714 absoluta.
1150 2676 1232 2715 ἀλλ’
1253 2676 1289 2714 οἳ
1305 2674 1396 2722 χθὲς
1416 2671 1724 2730 ἐᾷρωμενέστερον

364 2725 505 2770 ἔχοντες
522 2727 584 2763 καὶ
597 2726 755 2770 θαᾷῥεῖν
772 2724 1063 2769 διακελευόμενοι
1083 2723 1175 2768 πρὸς
1195 2722 1380 2769 ἀλλήλους,
1398 2720 1555 2767 σήμερον
1574 2717 1724 2765 ἆμβλεῖς

362 2772 424 2808 καὶ
438 2771 778 2814 καταπεπτωκότες
801 2784 843 2807 ea
861 2772 970 2807 omnia
985 2776 1106 2816 postea
1127 2770 1281 2806 inducta
1291 2773 1380 2805 sunt.
