1768 3034
306 181 402 228 182
777 185 957 229 INDEX
984 186 1260 229 CAPITUM.

387 288 451 360 ιβ’.
482 289 583 345 Περι
617 285 771 344 ἀθρόας
790 285 1017 339 ἐξελεύσεως
1037 290 1119 330 ταῖν
1145 288 1363 342 πολεμίων,
1390 288 1468 344 πρὸ
1494 293 1567 332 τοῦ
1585 289 1634 331 τὰ
1653 289 1736 331 Ῥω-

304 345 425 400 μαῖκα
442 347 758 400 ἕπισυναχθῆναι
779 342 1054 399 στρατεύματα.

388 409 447 468 ιγ’.
477 413 578 482 Περὶ
599 416 674 454 τοῦ
691 413 915 466 ἐνεδρεῦσαι
939 408 1039 451 καινοὶ
1066 413 1146 452 τῶν
1168 409 1392 465 λεγομένων
1418 409 1739 468 μινσουρατόρων

302 467 348 511 ἐν
364 475 447 517 τοῖς
467 466 690 521 ἅπλήκτοις.

388 532 451 578 ιδ’.
481 536 582 589 Περὶ
599 538 670 587 τῆς
686 529 975 588 υποχωρήσεως
991 535 1070 574 τῶν
1093 531 1247 574 ἱππέων
1264 531 1343 577 dud
1363 537 1443 577 τῶν
1466 537 1611 587 πεζῶν,
1636 535 1740 577 ὁδοι-

304 589 536 645 πορούντων
559 591 674 643 ὁμοῦ.

386 653 443 699 ιε’.
473 657 573 713 Περὶ
593 654 820 709 ἀσφαλείας.

387 721 450 772 ις’.
480 724 583 779 Περι
604 727 869 779 διαχωρισμοῦ
887 726 963 765 τοῦ
979 720 1160 765 τούλδου.

387 793 444 840 ιζ.
474 791 574 845 Περὶ
601 796 680 833 τῶν
705 807 819 847 μετα
827 794 975 843 πολλῆς
1004 788 1206 858 δυνάμεως
1231 787 1510 844 ἔπιτρεχόντων
1541 791 1740 844 πολεμίων

303 862 374 896 τας
387 843 516 899 χώρας
532 847 669 901 ἡμῶν,
700 847 768 888 καὶ
786 851 856 899 τῆς
875 862 969 900 μετα
990 844 1273 901 ἐγκρυμματων
1291 849 1552 900 παρασκευῆς.

383 910 445 966 ιη’.
475 914 577 967 Περὶ
597 918 687 964 τοῦ,
718 910 814 955 πότε
834 915 898 954 δεῖ
920 911 986 955 τὸν
1006 911 1218 968 στρατηγὸν
1243 914 1286 954 ἐκ
1306 910 1379 954 δύο
1404 928 1537 967 μερων
1564 915 1645 954 τῶν
1671 928 1743 954 πο-

303 971 447 1023 λεμίων
467 967 729 1025 παραδρομήν
748 972 926 1021 ποιῆσαι.

389 1031 462 1076 ιθ’.
506 1037 606 1092 Περὶ
649 1033 920 1085 καταστάσεως
938 1066 950 1086 ,
995 1034 1065 1077 καὶ
1105 1035 1338 1085 ἐξοπλίσεως
1355 1066 1367 1085 ,
1411 1034 1481 1076 καὶ
1525 1035 1743 1088 γυμνασίας

302 1095 483 1147 στρατον.

386 1155 435 1199 κ’.
465 1158 567 1212 Περὶ
594 1174 676 1199 των
704 1155 1007 1227 ἐγχρονιζόντων
1034 1157 1236 1225 πολεμίων
1254 1173 1353 1198 κατα
1371 1160 1443 1209 τῆς
1463 1153 1594 1212 χώρας
1613 1157 1743 1211 ἤμων,

304 1215 372 1255 ι’να
391 1214 416 1256 o‘
442 1214 629 1268 ημὲτερος
647 1213 804 1267 στρατὸς
823 1231 922 1255 κατα
941 1218 1016 1267 τῆς
1035 1230 1161 1268 χωρας
1184 1210 1318 1255 αυτῶν
1336 1213 1499 1270 ἐπέλθῃ.

386 1278 460 1322 καί.
493 1281 594 1335 Περὶ
615 1282 844 1335 πολιορκίας
864 1294 1051 1335 καστρου.

386 1345 461 1401 φιβ’.
491 1348 593 1402 Περὶ
618 1350 884 1403 διαχωρισμοῦ
901 1352 1004 1389 λαοῦ
1033 1350 1114 1388 τῶν
1146 1346 1322 1400 ἡμισέων
1356 1349 1579 1400 πολεμίων,
1620 1345 1651 1402 ἢ
1678 1349 1747 1390 καὶ

305 1407 380 1444 τοῦ
398 1406 530 1483 τρίτου
550 1403 707 1457 μέρους.

330 1530 351 1568 λ
379 1468 451 1525 κγ’
452 1471 581 1537 Περὶ
616 1475 688 1523 τῆς
720 1470 979 1525 ’ὑποστροφῆς
1014 1485 1096 1530 των
1131 1469 1349 1522 πολεμίων,
1388 1469 1457 1511 καὶ
1483 1470 1749 1523 κατασχέσεως

306 1543 329 1567 κ
354 1523 545 1580 εισοῦρας.

387 1590 465 1634 κδ’.
493 1593 595 1647 Περὶ
613 1591 948 1646 νυκτοπολὲμου.

390 1657 455 1701 κε’
486 1661 588 1730 Περὶ
619 1660 750 1727 ἑτέρας
787 1658 1051 1712 κατασχέσεως
1080 1658 1203 1710 ὁδοῦ,
1238 1661 1311 1712 τῆς
1340 1659 1398 1708 εἷς
1427 1657 1502 1712 τὴν
1528 1655 1748 1711 καταβασιν

309 1717 529 1771 δυσχωρίαν
551 1713 832 1768 ἄποτελούσης.

399 1838 477 1872 XII.
499 1838 552 1873 De
577 1838 687 1872 subita
709 1837 900 1871 incursione
932 1836 1098 1877 hostium,
1130 1839 1308 1880 antequam
1331 1836 1505 1870 Romanae
1529 1835 1650 1881 copiae
1672 1836 1750 1878 cogi

355 1883 451 1917 ssint.

309 1894 352 1927 po
376 1928 471 1962 XIII.
495 1928 547 1962 De
564 1927 717 1969 insidiis,
740 1938 827 1973 quae
846 1930 964 1961 contra
980 1928 1245 1967 mensuratores,
1267 1937 1351 1971 quos
1367 1937 1542 1967 vocamus,
1563 1925 1600 1960 in
1619 1928 1749 1960 castro-

311 1983 382 2006 rum
401 1974 483 2006 locis
501 1974 596 2007 fiunt.

401 2018 495 2054 XIV.
518 2019 571 2052 De
589 2018 738 2051 discessu
758 2017 907 2063 equitum
924 2028 945 2051 a
963 2016 1138 2062 peditatu,
1160 2026 1302 2061 quocum
1317 2014 1385 2048 iter
1400 2015 1565 2048 fecerant.

402 2062 478 2097 XV.
503 2063 556 2096 De
578 2064 744 2096 cautione.

403 2107 498 2141 XVI.
521 2108 574 2141 De
594 2107 825 2141 submovendis
844 2105 1099 2151 impedimentis-

405 2152 514 2186 XVII.
539 2153 591 2186 De
611 2154 764 2186 hostibus
783 2164 854 2186 cum
868 2152 1061 2195 ingentibus
1084 2149 1191 2195 copiis
1212 2148 1403 2195 provincias
1432 2152 1566 2182 nostras
1588 2148 1751 2183 invaden-

315 2197 425 2237 tibus,
450 2201 485 2230 et
501 2199 543 2231 de
564 2198 697 2231 ratione
712 2209 776 2242 per
793 2197 933 2230 insidias
948 2195 1105 2230 bellandi.

403 2222 532 2276 XVIII.
554 2243 607 2276 De
627 2254 685 2283 eo,
707 2242 843 2287 quando
862 2246 997 2286 oportet
1015 2241 1131 2275 ducem
1152 2239 1315 2292 bipartito
1334 2238 1474 2273 hostes
1463 2239 1611 2285 insequi.
1650 2270 1656 2273 .

403 2286 499 2321 XIX.
521 2287 573 2321 De
588 2292 698 2327 statu,
721 2293 889 2321 armatura
907 2292 942 2319 et
960 2285 1200 2319 exercitatione
1218 2284 1370 2318 militum.

404 2332 483 2367 XX.
506 2332 560 2365 De
575 2333 799 2373 adversariis,
826 2332 853 2365 si
874 2331 1000 2364 diutius
1025 2331 1060 2364 in
1083 2329 1222 2373 regione
1245 2334 1361 2364 nostra
1382 2332 1571 2370 morantur,
1594 2333 1634 2363 ut
1654 2341 1752 2363 exer-

317 2379 405 2413 citus
419 2378 557 2411 noster
547 2389 584 2411 m
599 2377 728 2410 illorum
744 2377 828 2411 fines
844 2379 1007 2410 transeat.

404 2422 500 2458 XXI.
522 2422 574 2456 De
592 2422 766 2455 obsidione
788 2422 916 2466 oppidi.

407 2468 518 2502 XXII.
539 2467 591 2501 De
611 2466 821 2512 separatione
842 2465 1021 2507 dimidiae,
1044 2464 1099 2498 vel
1117 2464 1219 2498 etiam
1236 2463 1359 2498 tertiae
1375 2463 1484 2509 partis
1499 2463 1667 2508 copiarum
1691 2463 1751 2496 ho-

319 2513 453 2548 §tilium-

409 2557 538 2593 XXIII.
559 2556 612 2591 De
628 2555 778 2589 discessu
796 2555 959 2596 hostium,
982 2559 1018 2589 et
1037 2556 1255 2589 claustrorum
1274 2554 1502 2599 occupatione.

411 2603 538 2637 XXIV.
560 2601 613 2635 De
628 2600 839 2634 dimicatione
855 2607 1031 2634 nocturna.

412 2648 520 2682 XXV.
541 2646 595 2680 De
617 2645 682 2681 alio
709 2644 805 2680 modo
832 2645 1016 2690 occupandi
1045 2645 1151 2686 viam,
1175 2656 1261 2690 quae
1276 2643 1310 2677 in
1330 2644 1493 2678 descensu
1521 2642 1753 2676 difficultatem

325 2693 437 2726 habet.
