1768 3034
292 144 387 188 178
587 150 787 193 LEONIS
814 150 1050 193 DIACONI
1078 149 1297 195 HISTOR.
1325 153 1378 196 X.
1418 159 1481 198 11.

77 268 114 298 A.
133 265 177 298 M.
197 256 519 313 64843ησαυρῶν
536 255 709 313 ἀφειδῶς
727 255 940 299 ἅπαντλῶν
949 289 963 308 ,
987 257 1160 299 διεδίδου
1178 264 1263 308 τοῖς
1280 258 1442 313 πένησι,
1465 261 1530 302 καὶ
1546 257 1724 314 μάλιστα

136 312 203 343 Iud.
219 308 244 345 4

99 358 134 387 A.
156 358 192 388 C.
209 355 277 391 975

126 402 152 434 Ι.
175 402 200 433 1.
223 402 246 435 6

259 467 289 500 C

87 939 124 969 A.
144 937 188 970 M.
205 933 293 971 6484

298 331 382 373 τοῖς
403 325 689 378 λελωβημένοις
707 326 772 365 καὶ
791 323 1026 379 βεβρωμένα
1043 328 1094 380 τῇ
1114 324 1200 383 ἱερᾷ
1219 324 1325 383 νόσῳ
1350 326 1402 368 τὰ
1424 325 1595 381 σώματα
1614 345 1723 384 περι-

297 392 510 448 φέρουσιν,
549 389 609 440 οἶς
636 394 715 432 τῶν
745 390 876 432 ἄλλων
903 389 1081 445 πενήτων
1102 391 1486 450 φιλανθρωπότερον
1514 396 1721 437 διετίθετο.

300 456 503 500 Νικόλαόν
531 475 595 510 τε,
632 457 703 499 τὸν
723 455 919 513 πρόεδρον
943 457 1327 514 Ἀδριανουπόλεως,
1364 461 1615 513 εἳσκαλέσας,
1653 462 1725 504 ἄν·

297 528 377 581 δρα
394 524 508 567 θεῖόν
528 542 568 566 τε
589 526 655 565 καὶ
678 522 920 577 σεβάσμιον,
958 525 1009 566 τὰ
1028 526 1131 566 κατὰ
1152 526 1222 568 τὸν
1240 528 1330 579 βίον
1351 527 1460 584 αὐτῷ
1480 527 1760 583 ἄνεκάλυψενὸ

298 590 531 646 ἄγνοῆματα
542 623 555 643 ,
602 590 793 646 κρουνούς
825 595 905 633 τῶν
942 591 1169 648 ὀφθαλμῶν
1200 591 1386 650 δακρύων
1415 595 1615 652 ἐπαφιεὶς,
1661 597 1728 637 καὶ

298 664 355 715 τῷ
376 657 530 700 τούτων
549 662 713 714 λουτῆρι
733 658 784 699 τὰ
803 658 921 712 αἴσχη
944 661 1009 700 καὶ
1030 659 1080 701 τὰ
1108 658 1352 716 ῥυπάσματα
1375 666 1454 703 τῶν
1471 662 1728 719 ἐσφαλμένων

299 721 564 781 ῥυπτόμενος,
603 726 668 766 καὶ
690 725 764 779 τὴν
795 724 993 767 Θεοτόκον
1022 725 1288 780 ἐπιβοώμενος
1297 759 1312 780 ,
1350 728 1508 784 ἀρωγὸν
1534 727 1660 786 εὗρεΐν
1686 731 1727 771 ἓν

299 790 430 849 ἡμέρᾳ
460 796 533 846 τῆς
551 793 686 845 δίκης,
726 790 891 846 ὁπηνίκα
919 793 1030 849 παρὰ
1058 798 1114 851 τῷ
1130 794 1204 851 υἱῷ
1225 794 1350 849 αὐτῆς
1376 797 1442 837 καὶ
1468 798 1558 854 Θεῷ
1577 796 1629 839 τὰ
1648 800 1729 839 τῶν

299 863 460 914 βροτῶν
477 859 654 914 πρακτέα
675 866 759 907 τοῖς
778 857 1010 909 ἀδεκάστοις
1030 862 1159 915 ζυγοῖς
1183 863 1249 902 καὶ
1271 866 1473 913 σταθμοῖς
1492 862 1728 905 ταλαντεύε-
1741 874 1768 907 14

305 942 382 968 ται.
427 923 617 979 τοιαύτην
638 926 679 974 ἐξ
698 925 938 984 ἀδιστάκτου
965 926 1126 982 γνώμης
1153 930 1219 969 καὶ
1239 930 1570 985 συντετριμμένης
1594 935 1729 985 ψυχῆς

112 1030 137 1058 Α
152 980 295 1060 Ῑὲὼέκ
305 992 378 1046 τὴν
396 991 677 1046 ἐξομολόγησιν
695 990 715 1034 ὃ
733 994 920 1046 βασιλεὺς
935 992 1223 1048 ποιησάμενος,
1259 1000 1341 1038 τῶν
1359 999 1452 1052 τῇδε
1468 998 1726 1050 μεθίσταται,

140 1052 165 1103 i,
190 1073 215 1104 1
237 1071 260 1105 7
305 1061 371 1100 καὶ
390 1059 490 1114 πρὸς
511 1059 583 1112 τὴν
613 1060 731 1100 ε’κεῖσε
751 1061 978 1113 μεταβαίνει
1002 1059 1252 1104 κατάπαυσιν
1271 1063 1313 1104 ἓν
1338 1063 1467 1118 μηνὸς
1481 1063 1727 1120 ’Ῑανουαρίου

264 1125 295 1159 D
307 1124 472 1181 δεκάτῃ,
511 1126 684 1167 ι’νδίκτου
709 1125 770 1178 δ’,
800 1126 912 1175 ἔτους
929 1126 1064 1186 gund,
1101 1131 1242 1185 ταφεὶς
1260 1130 1302 1171 ἓν
1320 1134 1378 1187 τῷ
1396 1130 1500 1172 κατὰ
1518 1132 1591 1186 τὴν
1607 1135 1728 1173 Χαλ-

94 1396 161 1429 Fol.
178 1394 246 1431 322
268 1405 293 1426 ¹·-

456 1196 477 1205 u

303 1197 375 1246 κῆν
404 1209 476 1233 του
509 1196 701 1248 Σωτῆρος
739 1198 837 1249 νεῷ,
885 1193 931 1236 ὃν
961 1196 1105 1244 ἐκεῖνος
1140 1201 1450 1252 μεγαλοπρεπῶς
1476 1198 1520 1239 ἐκ
1555 1197 1728 1255 βάθρων
1740 1206 1768 1242 1!

303 1260 498 1312 ἐδείματο.
554 1263 737 1301 τοιοῦτον
766 1255 852 1316 εὗρε
882 1261 928 1302 τὸ
962 1263 1073 1311 τέλος
1102 1260 1122 1305 ὃ
1154 1262 1414 1319 αὐτοκράτωρ
1443 1263 1629 1320 Ἰωάννης
1655 1269 1729 1319 τῆς

304 1323 428 1367 αὖτοῦ
447 1330 600 1380 βιοτῆς,
637 1326 738 1380 ἀνὴρ
755 1327 910 1383 βραχὺς
922 1330 996 1382 μὲν
1014 1330 1087 1384 τὴν
1104 1328 1259 1384 ἡλικίαν
1277 1335 1349 1373 τοῦ
1368 1330 1568 1385 σώματος,
1604 1331 1727 1389 ἥρωϊ-

303 1393 375 1447 κήν
405 1393 451 1434 δέ
469 1410 557 1434 τινα
577 1394 798 1449 περιφέρων
824 1395 960 1449 ἰσχὺν,
994 1395 1171 1450 γενναΐός
1196 1414 1258 1445 τις
1282 1399 1450 1452 γεγονώς
1471 1400 1513 1440 ἓν
1540 1400 1731 1452 πολέμοις-

301 1462 369 1502 καὶ
389 1458 730 1515 ἀκαταγώνιστος,
768 1463 834 1502 καὶ
855 1462 955 1517 πρὸς
981 1463 1076 1511 τοὺς
1095 1462 1301 1513 κινδύνους
1324 1463 1499 1518 εὔψυχος
1519 1467 1586 1507 καὶ
1602 1483 1727 1521 μεγα-

302 1525 522 1579 λότολμος·
559 1525 681 1580 ζήσας
708 1527 782 1579 μὲν
803 1527 873 1569 τὸν
900 1527 1032 1571 πάντα
1059 1528 1204 1586 χρόνον
1232 1535 1305 1586 τῆς
1335 1529 1460 1574 αὑτοῦ
1489 1537 1630 1587 βιοτῆς
1658 1533 1768 1587 ἕτηΞ(

302 1593 546 1647 πεντήκοντα
563 1594 663 1649 πρὸς
682 1598 738 1651 τῷ
761 1593 816 1635 ἑνὶ
825 1627 838 1646 ,
877 1594 1023 1645 ἷθύνας
1045 1598 1089 1638 δὲ
1108 1598 1180 1652 τὴν
1197 1602 1270 1652 τῆς
1293 1599 1500 1652 βασιλείας
1515 1597 1727 1654 ἡγεμονίαν

302 1663 357 1709 εἷς
380 1660 584 1709 ἐνιαυτοὺς
603 1659 668 1713 (ἐξ,
705 1661 806 1717 πρὸς
827 1659 993 1719 ἡμέραις
1013 1662 1240 1720 τριάκοντα.

392 1756 447 1790 16.
477 1753 656 1799 ἐδείματο.
686 1756 797 1801 Supra
812 1757 869 1792 79.
891 1758 932 1792 Α.

302 1832 385 1865 fecit
412 1844 485 1866 cum
507 1833 543 1866 in
566 1845 752 1878 pauperes,
784 1837 852 1869 tum
878 1835 1016 1870 maxime
1037 1835 1073 1870 in
1097 1837 1247 1882 leprosos
1264 1836 1422 1882 illosque,
1445 1837 1503 1882 qui
1519 1836 1622 1872 adesa
1637 1838 1725 1873 mala

302 1878 416 1910 scabie
439 1890 579 1921 corpora
603 1880 857 1921 circumferunt,
883 1893 966 1926 quos
990 1885 1124 1926 praeter
1146 1887 1295 1916 caeteros
1310 1883 1500 1926 indigentes
1516 1890 1725 1927 peramanter

299 1923 510 1956 observabat.
543 1924 755 1957 lntrovocato
776 1926 897 1959 deinde
918 1927 1071 1968 Nicolao,
1085 1927 1320 1971 Adrianopolis
1343 1927 1497 1968 antistiti,
1513 1929 1587 1961 viro
1609 1929 1723 1962 divino

300 1977 341 1998 ac
357 1968 558 2008 reverendo,
582 1969 769 2002 commissos
795 1982 815 2003 a
840 1983 877 2003 se
895 1971 930 2004 in
945 1972 1036 2005 vitae
1053 1972 1214 2005 curriculo
1233 1983 1363 2005 errores
1388 1973 1569 2015 patefecit,
1590 1973 1723 2018 vimque

298 2010 514 2053 lacrymarum
537 2013 641 2045 oculis
673 2015 842 2058 profudit,
865 2027 1000 2060 quarum
1016 2016 1183 2050 lavatione
1207 2016 1300 2049 labes
1316 2017 1497 2061 sordesque
1514 2022 1723 2060 peccatorum

301 2055 479 2095 abstersit,
512 2055 668 2091 invocata
694 2059 759 2091 Dei
780 2064 906 2102 matre,
941 2065 980 2094 ut
1002 2062 1039 2094 in
1062 2061 1118 2094 die
1142 2061 1257 2094 iudicii
1273 2065 1448 2105 patronum
1466 2061 1530 2094 sibi
1545 2061 1722 2103 inveniret,

302 2100 433 2143 quando
461 2111 571 2133 coram
597 2102 710 2135 divino
732 2104 803 2137 eius
822 2106 892 2138 filio
915 2106 1044 2139 trutina
1073 2105 1342 2150 ponderibusque
1356 2105 1557 2150 incorruptis
1575 2106 1723 2140 actiones

301 2144 483 2178 mortalium
507 2146 727 2181 librabuntur.
774 2150 882 2189 Quam
900 2150 1140 2183 confessionem
1158 2150 1214 2183 ubi
1230 2150 1359 2184 intenta
1374 2155 1483 2184 mente
1498 2154 1600 2203 atque
1616 2151 1723 2185 animo

300 2189 444 2221 contrito
468 2189 654 2233 Imperator
685 2193 835 2234 fecerat,
869 2206 910 2228 ex
937 2195 1001 2228 hac
1030 2195 1101 2228 vita
1126 2195 1302 2236 discessit,
1326 2198 1370 2229 ret
1391 2195 1436 2229 ad
1463 2206 1614 2240 reqmem
1635 2208 1722 2237 sese,

301 2244 389 2276 quae
405 2233 492 2266 ultra
509 2239 571 2275 est,
593 2237 782 2278 transtulit,
806 2239 861 2272 die
874 2240 1020 2273 Ianuarii
1036 2239 1181 2280 decima,
1203 2239 1386 2273 indictione
1403 2250 1460 2280 JV,
1484 2251 1570 2274 anno
1590 2240 1723 2274 sexmil-

301 2276 416 2311 lesimo
442 2279 767 2323 quadringentesimo
797 2285 998 2328 octogesimo
1025 2284 1153 2328 quinto.
1197 2285 1358 2329 Sepultus
1371 2283 1475 2318 estin
1493 2285 1577 2318 aede
1596 2286 1722 2319 Serva-

300 2322 384 2355 toris
401 2322 590 2364 Chalcensi‚
608 2335 705 2368 quam
720 2326 793 2370 ipse
806 2329 981 2372 magnifice
996 2341 1016 2362 e
1028 2330 1253 2363 fundamentis
1266 2329 1514 2363 aedificaverat.
1545 2329 1722 2364 Eiusmodi

298 2366 396 2400 finem
419 2367 510 2401 vitae
531 2368 661 2402 invenit
675 2371 815 2404 Ioannes
832 2373 1035 2416 Imperator,
1058 2374 1112 2407 vir
1127 2374 1277 2419 corporis
1300 2374 1431 2419 quidem
1448 2377 1576 2407 statura
1594 2374 1719 2415 brevis,

298 2412 359 2445 sed
383 2412 549 2446 heroicum
572 2413 806 2449 circumferens
825 2419 944 2458 robur,
969 2418 1066 2451 fortis
1086 2430 1126 2452 ac
1143 2420 1303 2463 probatus
1330 2419 1366 2452 in
1384 2419 1499 2460 bellis,
1523 2422 1559 2452 et
1575 2419 1721 2453 validior

298 2467 395 2499 quam
411 2461 450 2489 ut
466 2457 552 2491 vinci
570 2463 696 2502 posset,
718 2460 754 2492 in
772 2462 929 2504 periculis
945 2467 1055 2496 autem
1075 2463 1250 2505 animosus,
1275 2469 1376 2508 atque
1391 2463 1530 2497 audacia
1544 2463 1719 2506 singulari.

298 2501 393 2535 Vixit
390 2502 659 2592 demngliogialntpos
675 2504 915 2551 quinquaginta
930 2518 1048 2549 unum;
1065 2508 1204 2554 imperio
1213 2509 1380 2555 rebusque
1392 2507 1540 2553 praefuit
1556 2507 1599 2541 ad
1615 2518 1719 2541 annos

296 2556 367 2586 sex,
427 2557 463 2581 es
621 2573 631 2582 .
