1754 2996
214 201 217 202 ⁷
245 129 369 178 ‘476
724 138 772 181 C.
798 137 845 180 B.
875 137 1028 181 HASII
1055 139 1256 184 NOTAE

266 241 417 280 nullam
444 241 560 281 huius
587 242 757 281 civitatis
786 256 991 282 occurrere
1021 243 1260 283 mentionem
1289 248 1415 296 putat.
1457 245 1515 284 De
1547 245 1714 298 Scopelo

266 298 373 336 idem
397 299 489 338 ibid.
519 299 637 341 1185.
663 300 708 336 D.

364 353 480 394 dbid.
510 355 581 395 lin.
613 358 651 396 8.
682 350 1009 406 συνεπηχούντων
1019 359 1102 403 τοῖς
1111 351 1333 407 τυμπάνοις
1342 358 1422 396 ταῖν
1434 355 1596 398 ἐκεῖσε’
1572 374 1593 399 ο
1595 357 1713 411 ρέων]

267 408 384 448 Velut
393 411 533 449 Turcis
544 411 815 448 Cantacuzeno
833 411 932 479 imp.
956 412 1252 461 auxiliantibus,
1270 412 1375 464 apud
1389 412 1598 465 Nicephor.
1617 415 1714 452 Gre-

265 479 348 516 gor.
376 467 523 504 Histor.
551 467 596 506 ΙΙ.
630 467 724 508 457.
757 466 802 506 Α.
839 462 946 507 Ἐπεὶ
977 467 1020 508 δὲ
1045 467 1114 511 καὶ
1140 472 1224 516 τοῖς
1237 471 1317 509 τῶν
1338 469 1560 522 σαλπίγγων
1581 485 1623 510 τε
1645 469 1715 510 καὶ

265 537 347 562 των
358 520 580 575 τυμπάνων
594 519 748 575 κρότοις
768 524 1072 576 συνανεκίρνατο
1089 524 1158 564 καὶ
1174 523 1204 576 ἦ
1221 528 1304 571 τοῖς
1322 521 1540 578 βαρβάροις
1555 547 1611 555 -
1629 524 1713 577 ἥλι-ι

261 581 398 626 κιῶτις
414 576 575 632 κλαγγη,
599 594 633 618 κ.
652 594 683 617 τ.
700 583 733 618 λ.
768 580 966 631 Expressit
978 581 1055 619 Leo
1076 580 1143 618 hic
1166 593 1320 632 quoque
1331 580 1533 631 Agathiam
1557 585 1648 624 1ῠ2.
1666 583 1711 623 Β.

225 645 256 679 Β
375 637 480 685 Pag·
512 635 603 676 134.
642 636 711 673 lla
742 638 807 677 23
839 633 934 686 μετοὶ
974 652 1044 676 τον
1075 633 1265 688 μυστικὸν
1298 637 1492 688 δεῖπνον]
1531 637 1714 677 Formam

262 691 522 728 masculinam
552 690 574 731 ὁ
603 691 761 738 δεῖπνος
788 691 932 729 habent
962 693 1080 730 Suida
1110 693 1143 733 Ι.
1177 692 1272 734 534.
1298 693 1342 733 Β.
1371 699 1409 730 et
1426 692 1712 745 Theophylact.

264 747 442 784 CPtanus
471 747 524 784 De
550 753 684 784 sancta
703 748 827 784 Cruce
847 748 942 790 404.
961 749 1004 786 B.
1028 750 1069 786 C.
1092 749 1213 787 Totus
1229 747 1297 786 hic
1315 749 1458 788 Leonis
1477 749 1590 788 locus
1612 756 1672 788 est
1689 763 1713 788 a

261 801 466 853 Ducangio
499 803 720 854 exscriptus
756 804 926 842 Glossar.
955 805 1074 847 1145.
1091 805 1132 843 C.

373 860 479 909 Pag.
511 859 603 901 135.
633 860 704 896 lin.
732 861 771 901 3.
802 858 893 906 Ῥῶς
921 858 963 899 δὲ
983 860 1049 900 καὶ
1081 856 1194 901 αὐτοὶ
1215 888 1225 898 .
1245 888 1256 898 .
1274 889 1285 898 .
1304 857 1405 900 aar&
1427 857 1471 902 τὸ
1493 858 1588 903 ἐνόν
1609 857 1711 914 η’μύ-

262 913 396 965 νοντο]
429 916 600 952 Praeivit
619 914 803 966 Agathias
820 919 884 957 79.
906 916 950 954 A.

376 970 479 1009 lbid.
509 971 579 1010 lin.
612 971 650 1012 4.
680 971 903 1024 Σφέγκελος
922 970 965 1011 δὲ
983 967 1037 1024 ἧν
1055 966 1191 1024 οὗτος]
1221 969 1450 1024 Σφᾶγελλος
1468 972 1577 1023 apud
1597 973 1710 1011 Cedr-

262 1026 308 1063 in
328 1026 387 1063 ed·
412 1027 459 1066 Π.
486 1029 577 1069 672.
597 1027 642 1066 D·
661 1031 753 1069 676.
775 1028 818 1067 D.
840 1024 1071 1081 Σφάγγελος
1089 1028 1133 1065 111
1156 1028 1278 1066 Codd.
1294 1026 1408 1080 (quos
1430 1028 1587 1079 quidem
1608 1027 1710 1081 vidi)

263 1087 303 1119 et
323 1082 366 1118 in
385 1082 543 1133 Seylitz.
563 1097 633 1120 ms.
653 1083 698 1120 In
719 1089 799 1120 tota
816 1083 891 1121 hac
908 1085 1131 1123 narratione
1151 1084 1199 1121 de
1215 1086 1364 1135 praelio
1384 1091 1474 1122 ante
1492 1084 1714 1123 Piaesthla-

261 1138 351 1176 bam
372 1139 497 1175 multo
515 1140 682 1190 amplior
703 1145 762 1176 est
784 1140 895 1180 Cedr
923 1155 1040 1192 quam
1062 1141 1160 1189 Leo,
1196 1146 1241 1178 ut
1262 1140 1355 1178 inde
1377 1140 1624 1196 potissimum
1639 1140 1712 1178 vi-

261 1194 379 1242 deas,
420 1207 471 1231 ex
495 1195 582 1232 aliis
610 1208 765 1246 quoque
792 1196 986 1246 fontibus,
1017 1210 1097 1234 non
1126 1210 1178 1235 ex
1204 1197 1334 1234 Leone
1361 1197 1468 1246 solo,
1497 1196 1709 1248 Scylitzem

262 1249 396 1302 (quem
416 1251 516 1288 Ced1
519 1264 614 1288 enus
630 1251 865 1317 exsciipsit)
872 1227 1059 1291 hausisse.

370 1305 474 1344 Ibid.
506 1307 576 1347 lin.
610 1310 674 1349 19
702 1304 944 1359 ἑπιχνοάζων
963 1307 1036 1360 τήν
1058 1305 1193 1359 γένυν]
1218 1307 1379 1346 Primo'
1365 1322 1410 1351 m
1429 1307 1609 1347 versione
1623 1308 1711 1346 La-
1735 1332 1738 1334 Δ

255 1361 341 1399 tina
377 1362 527 1412 corrige
566 1376 703 1414 operm
707 1377 773 1401 um
813 1365 997 1402 mendum
1043 1363 1290 1412 Theodorus,
1327 1377 1401 1415 pro
1452 1364 1707 1402 Theodosius.

255 1418 408 1456 Deinde
438 1425 555 1465 nota,
584 1420 799 1458 insolenter
830 1420 908 1457 dici
937 1416 1153 1471 ἐπιχνοᾶζω
1180 1433 1254 1471 pro
1279 1415 1495 1475 ἔπιχνοοῖω,
1529 1426 1568 1458 et
1586 1421 1707 1471 paulo

217 1475 419 1512 Cinferius
450 1475 493 1512 D
514 1475 584 1512 lin.
605 1478 643 1516 6.
671 1476 849 1541 σφαιρίζε
853 1480 948 1515 σθαι
970 1490 1015 1514 eo
1037 1489 1173 1521 sensu,
1204 1481 1251 1512 ut
1271 1476 1322 1512 sit
1352 1471 1528 1515 devolve.
1587 1476 1708 1514 Vocis

254 1531 487 1569 Homericae
505 1527 802 1583 ἐπιστροφαδην
823 1532 867 1569 Ι).
886 1528 965 1571 lin.
974 1535 1038 1574 12.
1059 1531 1123 1582 (ex
1142 1504 1264 1568 Iliade
1286 1533 1338 1570 K.
1358 1530 1472 1582 483.)
1493 1531 1624 1570 varios
1640 1545 1708 1570 ex-

254 1587 429 1639 plicatus
461 1586 554 1624 vide
583 1587 688 1637 apud
723 1587 898 1625 Eustath.
922 1590 1013 1630 819.
1037 1589 1104 1630 53.
1126 1588 1354 1654 emumqiie
1365 1587 1574 1625 ultimum
1563 1602 1638 1625 iam
1662 1588 1708 1626 in

254 1642 453 1694 Apollonii
474 1642 616 1680 Lexico
647 1643 814 1680 ielatum
841 1644 934 1685 350.
958 1645 1002 1681 A.
1047 1640 1235 1694 Ἐπιστρ.]
1268 1657 1337 1694 μετ
1343 1638 1614 1698 ’ἐπιστροφῆς
1632 1646 1707 1683 τοῦ

256 1696 454 1751 σώματος·
473 1705 511 1736 et
529 1712 757 1751 expressum
774 1713 796 1736 a
816 1700 1049 1751 Raymundo
1072 1698 1297 1738 Cunichio
1286 1712 1327 1736 m
1346 1699 1525 1738 versione
1542 1699 1706 1738 metrica

253 1755 364 1795 Iliad.
391 1757 486 1798 232.
509 1756 558 1794 C:

398 1840 1164 1851 ....................
1186 1819 1347 1863 partem

395 1869 452 1905 Et
466 1882 573 1906 nunc
587 1883 626 1905 se
643 1870 685 1905 in
709 1867 889 1906 dextram
904 1876 1053 1906 vertens·
1065 1898 1076 1918 ‚
1106 1883 1213 1906 nunc
1237 1869 1307 1905 ille
1324 1868 1546 1906 sinistram.

257 1922 433 1961 Utuntur
461 1931 661 1975 praeterea
696 1924 810 1965 Hom.
848 1925 988 1975 Odyss.
1018 1928 1068 1963 X.
1087 1927 1181 1967 308.
1203 1926 1255 1963 Ω.
1282 1926 1373 1966 183.
1395 1930 1533 1961 auctor
1554 1922 1704 1974 Hymni

256 1977 302 2014 in
332 1979 496 2017 Mercur.
528 1985 621 2022 210.
655 1980 768 2018 Philo
800 1981 856 2018 De
886 1981 968 2019 vita
998 1981 1094 2019 Mos.
1127 1981 1172 2017 II.
1204 1983 1296 2021 177.
1327 1982 1392 2022 21.
1410 1979 1506 2017 edit.
1522 1979 1701 2029 Mangey.

259 2033 346 2085 (ubi
374 2048 455 2071 non
484 2037 584 2073 male
600 2037 800 2085 redditur,
831 2038 875 2073 in
905 2036 1036 2074 orbem
1060 2033 1266 2087 undique.)
1301 2035 1353 2072 De
1370 2033 1514 2072 Abrah.
1535 2036 1629 2077 298.
1652 2036 1702 2074 G.

254 2089 314 2127 De
333 2090 488 2140 special.
509 2092 606 2141 legg.
627 2092 719 2134 615.
741 2092 786 2129 A.
813 2092 980 2143 denique
997 2093 1073 2130 Leo
1098 2094 1161 2134 13.
1183 2092 1224 2128 C.
1243 2097 1282 2127 et
1300 2090 1367 2132 47.
1395 2091 1439 2128 D.
1495 2089 1593 2127 Item
1611 2090 1701 2128 sub-
1744 2122 1749 2124 s

254 2146 471 2183 stantivum
491 2145 723 2199 ἐπιστροφὴ,
750 2148 855 2185 unde
877 2144 1172 2200 ἐπιστροφάδην
1186 2160 1207 2183 a
1225 2146 1423 2198 plerisque
1440 2145 1701 2196 grammaticis

256 2201 482 2250 derivatur,
512 2201 630 2240 habet
658 2204 961 2253 significationes
986 2203 1226 2255 peculiares,
1258 2215 1425 2252 quarum
1461 2202 1612 2252 aliquot
1635 2201 1703 2240 hic

254 2257 416 2300 notabo,
474 2258 655 2307 Primam,
686 2257 929 2311 ἐπιστροφήν
950 2260 1052 2311 apud
1072 2265 1243 2296 oratores
1263 2271 1401 2295 sonare
1419 2257 1540 2295 robur
1559 2256 1703 2297 dictio-2

255 2315 320 2350 nis
345 2320 381 2351 et
398 2315 665 2365 gravitatem,
693 2317 743 2369 τῇ
765 2312 949 2367 ἁβρότητι
972 2314 1209 2366 oppositum,
1240 2327 1288 2351 ex
1320 2313 1606 2355 Philostr..Vit.
1624 2315 1701 2351 So-

216 2369 376 2421 Dphist·
394 2372 487 2412 519·
506 2369 585 2407 iam
604 2370 833 2420 explanavit
851 2371 914 2409 vir
934 2370 1220 2408 eruditissimus
1229 2369 1406 2422 Theoph.
1416 2369 1572 2407 Ernesti
1591 2369 1701 2406 tech-

248 2425 507 2464 n01.r·.heto1
531 2426 599 2464 Gr.
623 2429 714 2468 127.
735 2426 778 2464 C.
829 2427 918 2464 Alio
949 2439 1064 2464 sensu
1091 2426 1323 2463 sumendum
1355 2426 1397 2463 in
1422 2425 1511 2462 loco
1533 2424 1696 2463 Aristid.

248 2482 346 2520 Arte
372 2488 517 2521 orator.
545 2481 596 2519 ΙΙ.
623 2481 717 2523 475.
750 2482 791 2520 C.
823 2479 1021 2534 σαφήνεια
1046 2481 1113 2521 καὶ
1138 2477 1367 2534 καθαρότης
1388 2482 1535 2534 γίνεται
1557 2495 1697 2528 ουτως,

249 2534 346 2578 όταν
379 2553 438 2585 τις
466 2537 723 2589 ἐπιστροφαῖς
748 2540 898 2588 χρῆται.
957 2538 1084 2576 Vertit
1117 2538 1383 2586 Normannus,
1420 2537 1623 2573 concinnis
1652 2537 1698 2573 in

249 2594 441 2631 elan-sula
462 2592 626 2645 Ρενίοιίι
655 2593 973 2643 repetitionibus:
1003 2593 1158 2642 malim,
1186 2592 1498 2639 reversionibus,
1527 2591 1611 2628 sive
1640 2590 1700 2630 ad

253 2648 829 2688 ‹xtremumssonversionibuoe
843 2649 899 2686 sic
918 2649 1021 2686 enim
1035 2622 1180 2687 vocarit
1197 2649 1373 2687 ihetores
1385 2621 1514 2685 Latirii
1531 2646 1695 2696 figuram
1752 2691 1754 2694 Α

253 2705 483 2755 verborum,
523 2720 600 2757 qua
639 2705 691 2743 ad
718 2711 961 2757 postremum
997 2705 1160 2744 verbum
1189 2704 1403 2743 identidem
1437 2702 1695 2740 revertimur:
1751 2704 1754 2745 J

253 2764 405 2800 Poenos
416 2776 512 2813 pop.
537 2764 752 2801 Romanus
769 2763 929 2800 iustitia
950 2762 1066 2811 vicit,
1096 2763 1222 2799 armis
1238 2762 1348 2811 vicit,
1379 2758 1617 2798 liberalitate
1631 2759 1696 2797 υἰ-
1748 2757 1754 2806 ξ
