1768 3034
307 142 372 186 86
478 191 481 194 ,
794 148 999 192 LEONIS
1028 147 1266 190 DIACONI

108 260 143 291 Α.
162 259 205 290 Μ.
228 252 369 295 6478δὲ
389 253 491 295 κατὰ
511 253 583 308 τὴν
602 251 770 310 ἕσπέραν
786 255 898 310 παρὰ
918 254 988 296 τὸν
1011 252 1149 309 καιρὸν
1166 257 1239 307 τῆς
1257 251 1461 312 ὗμνῳδίας
1479 253 1663 311 κληρικόν
1682 273 1743 298 τι·

148 305 215 336 Ind‘
238 305 280 340 13
324 338 376 364 να
405 326 477 374 τῆς
505 323 706 374 βασιλείου
741 321 865 375 αὐλῆς
894 324 1074 374 λίβελλον
1100 320 1317 362 ἀναδοῦναι
1342 326 1399 379 τῷ
1424 327 1603 375 βασιλεῖ’,
1640 324 1682 364 ἓν
1711 318 1768 381 ᾧἸ

317 392 448 430 ταῦτα
474 388 686 443 ἐγέγραπτο
702 401 711 410 ·
746 420 759 439 ,
764 388 957 443 ,γνωστὸν
976 386 1077 429 ἴστω
1097 402 1174 439 σοι,
1203 392 1383 440 βασιλεῦ,
1418 387 1472 438 ὥς
1490 388 1661 445 ὄλεθρός
1680 407 1746 433 σοι.

320 452 447 510 ταύτῃ
468 459 517 510 τῇ
548 456 657 495 νυκτὶ
689 453 960 496 ε’πικαττύεται
979 451 1165 508 χαλεπός.
1222 453 1282 496 ὅτι
1303 455 1347 496 δὲ
1368 454 1505 510 ἀληθῆ
1526 461 1679 508 ταῦτα,
1715 456 1743 511 ἦ

317 528 587 576 γυναικωνῖτις
618 519 894 576 ε’ρευνηθήτω,
933 523 973 563 ἒν
998 515 1024 576 ᾗ
1055 520 1195 576 ἄνδρες
1224 522 1379 564 ἔνοπλοι
1401 522 1768 579 καταληφθήσον-ε

317 604 407 639 ται,
446 589 484 629 οἳ
511 588 584 641 τὴν
615 587 688 641 σὴν
717 589 926 641 μέλλοντες
952 588 1220 642 αὐτουργῆσαι
1241 587 1440 645 σφαγήν.”
1477 590 1547 632 τὸν
1564 595 1659 645 γοῦν
1682 593 1743 632 λί-

284 658 466 708 Ββελλον
499 653 519 696 ὅ
547 655 734 707 βασιλεὺς
766 656 981 710 ἀναγνοὺς,
1018 655 1187 709 Μιχαὴλ
1208 660 1264 713 τῷ
1291 661 1362 698 τοῦ
1385 661 1574 705 κοιτῶνος
1591 656 1743 713 κατάρ-

315 737 429 774 χοντι
447 721 607 777 ἔρευναν
627 722 772 777 ἀκριβῆ
795 727 874 764 τῶν
894 723 1052 778 ἀνδρῶν
1078 726 1242 776 ποιῆσαι
1260 722 1570 777 παρεκελεύσατο
1584 737 1594 746 ·
1632 722 1652 766 ὅ
1682 726 1740 776 δὲ,

319 788 394 830 εἴτε
416 788 489 842 τὴν
509 787 754 843 Αὖγούσταν
773 791 1069 840 καταιδεσθεὶς,
1107 789 1181 830 εἴτε
1199 789 1382 844 μελλήσει
1404 789 1657 845 χρησάμενος
1664 823 1677 843 ,
1714 791 1741 845 ἢ

319 856 385 896 καὶ
403 857 647 913 θεοβλαβείᾳ
665 858 938 912 παρενεχθεὶς,
976 860 1126 911 παρῆκε
1143 856 1188 897 τὸ
1211 855 1412 909 δωμάτιον
1420 890 1450 909 ,.
1471 859 1512 899 ἓν
1534 852 1565 914 ᾧ
1587 858 1633 899 τὸ
1662 863 1768 902 τῶν]

318 919 453 977 φόνων
472 926 553 963 τῶν
573 922 730 978 ἀνδρῶν
751 928 934 977 καθῆστο
955 925 1096 979 στίφος
1105 955 1119 974 ,
1145 922 1454 979 ἀνεξερεύνητον.
1502 924 1580 978 ἤδη
1606 926 1650 965 δὲ
1670 929 1742 978 τῆς

317 989 460 1037 νυκτὸς
479 987 725 1043 ἐπελθούσης
734 1022 748 1041 ,
785 991 888 1032 κατὰ
906 990 951 1032 τὸ
969 990 1194 1043 εἰθισμένον
1213 988 1238 1044 ἧ
1263 992 1421 1043 βασιλὶς
1439 991 1540 1045 πρὸς
1566 991 1635 1033 τὸν
1665 992 1740 1033 αὖ-

319 1054 547 1111 τοκράτορα
568 1055 854 1112 εἷσφοιτήσασα
864 1090 877 1109 ,
904 1055 1046 1111 λόγους
1065 1055 1163 1111 διῄει
1187 1059 1275 1112 περὶ
1295 1061 1376 1098 τῶν
1396 1058 1439 1098 ἐκ
1456 1059 1626 1106 ΠΙυσίας
1644 1076 1742 1101 νεω-

320 1123 385 1163 στὶ
404 1122 629 1178 ἀφιγμένων
648 1129 837 1179 νυμφῶν,
876 1122 957 1175 ὅτι,
994 1122 1163 1175 ,,ἂ’πειμι
1184 1123 1235 1164 τὰ
1257 1124 1357 1179 πρὸς
1372 1126 1589 1178 θεραπείαν
1609 1125 1742 1167 αὐτῶν

318 1187 575 1242 ἔπισκήψασα
584 1222 597 1241 ,
623 1189 755 1231 ἔπειτα
775 1192 818 1232 δὲ
838 1189 1017 1246 φοιτῆσαι
1036 1190 1136 1244 πρὸς
1155 1190 1220 1231 σέ·
1241 1190 1331 1231 ἀλλ’
1353 1191 1596 1247 ἧνεῳγμένος
1614 1190 1634 1233 ὅ
1655 1200 1768 1235 zoa-1

194 1262 234 1295 Ρ.
257 1262 302 1297 53
323 1257 515 1304 τωνίσκος
534 1255 635 1298 ἴστω
646 1288 659 1307 ,
698 1258 763 1297 καὶ
789 1257 846 1311 μὴ
872 1253 1095 1310 κλεισθῆτω
1124 1257 1175 1298 τὰ
1194 1261 1264 1298 νῦν
1278 1271 1287 1280 ·
1322 1256 1649 1311 παλινοστήσασα
1665 1259 1743 1314 γὰρ

316 1322 391 1376 &yth
410 1327 554 1364 τοῦτον
571 1324 711 1365 κλείσω
733 1322 912 1366 λοιπόν.”
946 1328 1074 1365 ταῦτα
1095 1328 1366 1379 προσειποῦσα
1390 1325 1539 1366 ἐκεῖθεν
1561 1324 1672 1380 ἐξῄει.
1720 1324 1743 1367 ὃ

319 1389 362 1429 δὲ
390 1389 577 1442 βασιλεὺς
607 1390 663 1430 δι’
698 1389 793 1444 ὅλης
819 1391 892 1443 μὲν
920 1394 992 1443 τῆς
1017 1393 1197 1445 φυλακῆς
1218 1395 1289 1444 τῆς
1306 1390 1447 1439 νυκτὸς
1466 1390 1539 1440 τὰς
1555 1391 1743 1446 συνήθεις

318 1455 435 1508 εὗχὰς
456 1456 649 1508 ἀνέπεμπε
677 1461 733 1513 τῷ
758 1459 868 1513 Θεῷ,
906 1459 972 1498 καὶ
992 1460 1042 1511 τῇ
1071 1457 1213 1511 μελέτῃ
1233 1462 1312 1498 τῶν
1332 1459 1454 1499 θείων
1474 1463 1640 1514 γραφῶν
1662 1461 1742 1500 διε-

317 1521 517 1574 σχόλαζεν.
577 1524 657 1563 ἐπεὶ
687 1524 730 1564 δὲ
758 1523 828 1564 τὸν
854 1521 1022 1576 ὕπνονῆ
1048 1521 1166 1578 φύσις
1184 1522 1344 1578 ἀπῄτει,
1381 1524 1458 1580 πρὸ
1484 1529 1564 1566 τῶν
1586 1530 1768 1570 σεπτῶνΞ

316 1587 476 1630 εἲκόνων
501 1593 572 1643 τῆς
596 1606 637 1630 τε
663 1592 903 1645 θεανδρικῆς
930 1594 1001 1637 τοῦ
1024 1593 1207 1644 Χριστοῦ
1228 1595 1410 1646 μορφῆς,
1449 1593 1514 1632 καὶ
1543 1596 1614 1645 τῆς
1637 1595 1739 1634 Θεο-

315 1653 513 1711 μῆτορος,
552 1657 617 1696 καὶ
640 1660 711 1697 τοῦ
730 1658 845 1698 θείου
865 1654 1095 1712 προδρόμου
1114 1658 1179 1697 καὶ
1201 1655 1393 1712 κήρυκος,
1433 1658 1543 1712 παρὰ
1565 1658 1611 1700 τὸ
1633 1676 1739 1714 παρ-

316 1720 472 1763 δάλειον
503 1722 643 1779 δέρῥος
671 1725 736 1764 καὶ
761 1723 831 1765 τὸν
858 1727 1091 1779 κοκκοβαςιῆ
1123 1727 1262 1775 πῖλον,
1300 1724 1369 1765 ἐπ’
1402 1723 1578 1780 ἐδάφους
1608 1727 1738 1768 διανε-

383 1787 394 1802 l
1374 1791 1377 1793 .

313 1805 472 1831 παυετο.

404 1896 460 1931 11.
497 1893 623 1939 φόνων
641 1896 724 1931 τῶν.
769 1896 863 1930 Fort.
888 1894 1075 1941 φονευτῶν
1097 1907 1124 1930 Β.
1145 1897 1380 1941 ‹pons-vunan.

315 1994 400 2016 mus.
445 1983 596 2027 Vespera
613 1985 721 2017 fertur
739 1986 799 2018 sub
816 1989 946 2029 tempus
965 1997 1099 2030 precum
1115 1985 1254 2019 clericus
1276 1986 1409 2029 quidam
1428 1995 1470 2018 ex
1491 1985 1568 2018 aula
1589 1985 1736 2028 palatina

314 2027 460 2060 libellum
478 2029 668 2071 porrexisse
690 2030 906 2073 Imperatori,
928 2043 992 2075 quo
1012 2031 1048 2063 in
1066 2030 1176 2064 libello
1195 2030 1322 2074 scripta
1345 2035 1442 2063 erant
1462 2030 1562 2063 haec:
1586 2031 1736 2070 „Notum

317 2072 363 2104 sit
381 2072 456 2112 tibi,
479 2072 630 2114 Domine,
658 2080 795 2107 mortem
810 2075 922 2119 parari
936 2075 1001 2108 tibi
1015 2076 1078 2108 hac
1091 2081 1189 2108 nocte
1204 2082 1359 2108 atrocem.
1406 2074 1506 2113 Quod
1523 2078 1631 2108 autem
1655 2086 1753 2119 vem⁸

319 2121 398 2148 sunt
414 2117 517 2157 haec,
541 2117 618 2150 iube
640 2130 845 2161 gynaeceum
861 2120 1075 2164 inspiciatur,
1098 2119 1133 2152 in
1157 2131 1221 2163 quo
1232 2120 1378 2152 homines
1409 2119 1526 2151 armati
1548 2120 1590 2152 de
1617 2120 1737 2152 rehen-

319 2160 458 2201 dentur,
481 2161 539 2205 qui
558 2163 712 2195 effecturi
729 2169 807 2196 sunt
825 2169 913 2198 tuam
931 2163 1096 2197 caedem.'’
1141 2164 1243 2197 Lecto
1259 2164 1370 2197 libello
1388 2163 1572 2207 Imperator
1607 2164 1740 2197 licha&-

317 2205 398 2245 lem,
422 2206 564 2239 cubiculi
589 2208 813 2250 praefectum,
837 2209 1081 2252 inquisitionem
1108 2208 1298 2251 diligentem
1327 2209 1442 2241 horum
1463 2208 1607 2241 virorum
1622 2209 1736 2242 facere

317 2249 432 2282 iussit:
469 2250 499 2283 is
524 2262 624 2291 veru,
655 2252 726 2285 sive
750 2255 931 2296 Augustam
959 2253 1106 2292 veritus,
1141 2253 1212 2285 sive
1235 2253 1395 2286 tarditate
1420 2264 1519 2293 usus,
1552 2252 1604 2286 vel
1635 2253 1735 2285 etiam

318 2294 538 2328 sinisteritate
552 2300 823 2340 praetergressus
834 2321 842 2337 ,
866 2298 990 2338 cellam,
1014 2298 1050 2330 in
1067 2308 1132 2341 qua
1147 2309 1377 2341 percussorum
1393 2309 1508 2330 manus
1527 2297 1734 2336 consederat,

317 2339 555 2383 inexploratum
570 2341 715 2383 reliquit.
740 2342 808 2374 Ubi
825 2342 889 2375 iam
909 2354 974 2375 nox
989 2342 1192 2386 supervenit,
1211 2345 1375 2385 Augusta,
1390 2347 1427 2375 ut
1444 2346 1674 2382 consueverat,
1690 2340 1735 2374 ad

316 2384 554 2428 Imperatorem
566 2385 719 2418 introivit
730 2410 740 2426 ,
765 2397 804 2419 ac
821 2398 999 2420 sermonem
1017 2398 1094 2420 orsa
1115 2387 1157 2419 de
1181 2388 1330 2430 sponsis,
1354 2398 1439 2430 quae
1456 2398 1498 2419 ex
1517 2386 1646 2419 Moesia
1661 2397 1735 2418 mo-

318 2429 362 2461 do
376 2435 547 2469 venerant,
571 2429 725 2469 ‚‚Vado‚”
748 2431 866 2474 inquit,
891 2432 1036 2472 „cultum
1064 2432 1179 2464 harum
1204 2438 1381 2472 curatura3
1406 2432 1564 2475 posthaec
1582 2434 1733 2463 revertar
1765 2452 1768 2454 —

319 2474 363 2506 ad
380 2478 431 2506 te:
455 2478 492 2507 at
509 2474 606 2507 sodes
621 2474 693 2507 sine
709 2481 858 2518 apertum
872 2476 1065 2516 cubiculum,
1089 2487 1131 2508 ne
1147 2476 1191 2508 sit
1208 2476 1354 2510 clausmn
1371 2477 1405 2509 in
1422 2474 1606 2520 praesenti3
1629 2484 1734 2517 quan-

319 2518 363 2550 do
377 2529 555 2558 revenere,
579 2523 650 2551 tum
666 2530 729 2562 ego
752 2520 935 2553 claudam?
980 2522 1076 2554 Haec
1098 2521 1142 2553 ad
1169 2531 1241 2553 eum
1258 2521 1328 2554 sata
1353 2521 1382 2553 it
1404 2521 1506 2553 foras.
1550 2519 1733 2563 Imperator

316 2573 378 2606 per
396 2567 500 2596 totam
517 2564 624 2596 noctis
647 2563 795 2606 vigiliam
813 2567 987 2598 consuetas
1010 2576 1126 2608 preces
1153 2564 1194 2597 ad
1211 2577 1330 2598 numen
1353 2565 1489 2598 sublime
1504 2563 1611 2603 misit,
1633 2562 1736 2606 inque

315 2607 530 2641 meditatione
556 2619 723 2641 sacrorum
745 2609 941 2642 voluminum
963 2615 1015 2642 est
1038 2614 1201 2642 versatus.
1249 2611 1316 2643 Ubi
1343 2621 1424 2643 vero
1450 2620 1593 2642 somnum
1616 2611 1734 2640 natura

315 2652 516 2694 postulavit,
545 2663 607 2696 pro
633 2653 831 2686 venerandis
854 2654 1051 2697 imaginibus
1075 2653 1236 2687 deivirilis
1259 2655 1383 2688 formae
1409 2653 1556 2692 Christi,
1586 2652 1732 2693 itemque

314 2694 484 2739 Deiparae
500 2702 535 2730 et
555 2697 661 2731 divini
678 2699 902 2740 praecursoris
919 2704 1019 2743 atque
1036 2699 1221 2741 praeconis,
1243 2700 1351 2743 humi,
1374 2709 1472 2743 super
1488 2697 1575 2742 pelle
1593 2696 1732 2740 panthe-

315 2738 387 2773 rina
402 2744 437 2773 et
453 2742 585 2776 coactili
599 2742 732 2776 coccino
742 2767 753 2783 ,
776 2742 879 2787 quieti
898 2755 935 2777 se
951 2743 1102 2777 tradidit.
