1748 3094
268 148 367 197 430
718 155 777 199 'C.
791 157 850 201 B.
881 154 1037 199 HASII
1063 155 1265 200 NOTAE

267 261 321 301 ad
345 260 554 310 Origenem
581 263 651 303 70.
678 259 723 298 Β.
753 258 983 312 υπὲρμαχον
1004 258 1119 312 ἔχων
1131 255 1254 302 αυτὸν
1277 259 1351 303 τᾶν
1374 258 1654 315 ἠπατημένον·
1683 269 1724 303 et

267 319 418 357 Petrus
418 291 590 356 ”Siculus
618 317 793 355 Historia
815 316 1140 355 Manichaeorum
1166 317 1237 360 70.
1257 318 1304 358 A.
1330 319 1462 358 Potius
1483 325 1615 358 tamen
1639 333 1724 358 cre-

270 375 361 413 dam
374 405 385 423 ‚
414 375 586 412 Leonem
606 387 704 411 voce
726 386 906 424 perverse
928 386 1010 411 esse
1029 386 1167 422 usum,
1198 387 1319 424 quam
1337 382 1564 439 corruptam
1583 390 1664 414 esse
1683 382 1723 415 et

267 430 521 483 ’ὕπέρμαργον
543 428 1110 482 εοι·11)ει1(111111.Ὗπερμαχὲω
1137 436 1264 468 autem
1291 430 1369 470 viri
1391 431 1501 470 docti
1526 439 1632 471 recte
1654 432 1723 470 mi-

268 494 412 526 rantur
442 486 619 524 construi
641 499 732 523 cum
754 486 979 523 accusativo
1006 499 1027 522 a
1054 487 1229 524 Luciam>
1258 487 1457 528 Revivisc.
1479 488 1511 527 Ι.
1537 490 1632 531 593.
1656 489 1723 531 42.

267 546 384 584 τοῦτο
402 538 639 595 ὑπερμάχει·
671 556 799 592 neque
817 541 915 579 mihi
933 543 1060 580 ullum
1078 543 1160 580 eius
1181 543 1487 584 constructionis
1500 545 1724 596 exemplum

268 613 309 638 se
332 600 498 636 obtulit:
522 598 675 636 namin
696 599 764 636 1110
784 600 821 636 S.
842 599 979 636 Basilii
992 599 1121 649 magni
1144 599 1268 650 Epist.
1291 600 1520 642 01131111,Ιὶ
1543 604 1662 643 1017-
1679 600 1721 641 C.

267 671 343 707 την
362 652 502 707 κώμην
521 670 594 707 την
621 653 920 707 ὑποδεξαμένην
938 653 1012 705 τήν
1033 654 1276 708 ἁρπαγεῖσαν
1293 656 1361 696 καὶ
1380 653 1612 707 φυλάξασαν
1630 654 1720 708 ἤτοι

269 708 625 764 ὖπερμαχήσασαν·
657 718 876 749 extremum
906 711 1070 749 verbum
1097 711 1182 748 sine
1217 712 1300 750 ullo
1342 713 1503 752 omnino
1535 713 1724 763 regimine

265 768 549 806 videturesse.
617 768 714 805 Cum
744 768 877 805 dativo
910 767 1056 819 passim
1095 770 1341 806 construitur
1374 782 1463 806 cum
1495 783 1516 807 a
1549 769 1722 819 tragicis,

266 830 353 862 tum
372 824 499 892 apud
502 825 647 861 Patres.
691 825 729 861 S.
750 823 918 861 Basilius
940 825 994 860 De
1014 837 1105 862 vera
1131 824 1346 874 virginitat.
1377 825 1409 864 Ι.
1433 828 1524 868 608.
1546 824 1725 878 (3.1)περ-

268 895 436 949 μαχουν
447 875 568 950 αι’τῷ.
601 881 636 916 S.
657 880 869 930 Gregorius
888 880 1087 931 Nyssenus
1111 880 1156 917 In
1178 880 1385 918 Canticum
1405 882 1554 919 Cantic.
1578 882 1607 919 1.
1627 882 1722 924 588.

266 937 308 977 Β.
342 933 436 983 τοὺς
464 934 788 988 ὐπερμαχουντας
815 935 926 987 ημῖν.
988 936 1108 986 Apud
1140 935 1305 975 eundem
1332 934 1376 974 S.
1405 926 1636 989 Gregoriutn
1665 943 1724 976 est

272 993 394 1030 octies
419 992 639 1043 sequenti
621 992 804 1041 σ1111111110,
834 994 885 1030 De
902 991 981 1030 vita
1002 992 1121 1030 Mosis
1139 992 1170 1031 I.
1193 997 1284 1035 172.
1306 992 1352 1032 A.
1372 998 1412 1031 et
1431 997 1526 1036 216.
1546 994 1590 1032 D.
1621 993 1739 1032 Con--

271 1055 335 1087 ira
354 1048 594 1086 Eunomium
622 1049 671 1087 ΙΙ.
705 1051 797 1091 142.
823 1049 862 1086 C.
902 1049 956 1085 De
985 1054 1120 1087 sancta
1149 1049 1344 1087 Trinitate
1371 1052 1466 1091 439.
1487 1044 1528 1088 C.
1558 1050 1723 1088 Ι1111111ὁ

273 1105 361 1143 dem
385 1105 520 1142 fratris
545 1104 681 1141 Basilii
709 1108 803 1147 916.
832 1105 874 1144 B.
913 1105 1102 1142 Oratione
1131 1105 1286 1144 funebr.
1311 1105 1359 1143 <le
1378 1105 1540 1143 Placilla
1559 1107 1653 1149 981.
1674 1107 1722 1146 B.

273 1162 420 1199 Contra
443 1161 611 1198 Eunom.
632 1160 695 1198 ΙΙΙ.
729 1164 821 1202 126.
844 1161 887 1200 C.
914 1167 952 1199 et
975 1161 1071 1203 158:
1091 1161 1130 1201 C.
1162 1167 1208 1199 ut
1229 1162 1329 1200 adeo
1361 1162 1555 1213 suspicari
1582 1163 1721 1213 possis,

118 1224 159 1259 P.
181 1224 250 1261 208
269 1218 360 1256 loco
381 1218 452 1254 illo
477 1217 682 1267 superiore
705 1216 885 1254 dativum
906 1230 1038 1255 eirore
1059 1217 1281 1255 librarioli
1269 1218 1485 1269 irrepsisse.
1535 1218 1635 1256 Cum
1652 1232 1722 1269 ge-

267 1275 393 1313 nitivo
415 1273 658 1324 copulatur
646 1286 688 1310 111
707 1273 796 1310 loco
814 1280 1000 1325 corrupto
1022 1274 1186 1311 Concilii
1200 1274 1360 1312 Nicaeni
1378 1274 1409 1311 I.
1427 1274 1523 1317 424.
1545 1273 1591 1312 A.
1611 1277 1664 1329 τῇ
1679 1289 1722 1315 τε

267 1328 366 1384 πρὸς
384 1328 492 1381 ημᾶς
515 1325 574 1369 δι’
592 1328 837 1380 ὑποκρίσεως
859 1345 930 1370 τον
950 1328 1075 1383 ἄνδρα
1094 1332 1168 1369 τοῦ
1187 1331 1320 1370 δοκεῖν
1336 1326 1450 1374 εἶναι,
1472 1329 1538 1370 καὶ.
1555 1333 1628 1381 τῆς
1640 1333 1722 1370 τῶν

268 1387 461 1427 ἐναντίων
498 1386 724 1436 συμφορίας
758 1386 947 1454 γενναίως
981 1384 1324 1455 υπερμαχοῦντες.
1378 1384 1456 1422 Ubi
1490 1385 1720 1424 Harduinus

267 1443 426 1494 quidem
447 1441 566 1479 scribi
589 1442 786 1496 νο11,πῇ
803 1456 844 1481 τε
865 1439 967 1512 πρός
987 1440 1095 1493 ημᾶς
1113 1447 1151 1485 et
1169 1436 1457 1493 υπερμάχοντα.
1514 1442 1590 1479 Sed
1610 1442 1721 1493 quod.

269 1499 466 1550 sequitur,
499 1497 567 1537 καὶ
586 1513 657 1547 της
677 1512 757 1536 των
777 1489 978 1545 ἐναντίων,
1008 1497 1100 1534 satis
1122 1497 1294 1535 ostendit
1309 1497 1370 1547 leg
1373 1487 1519 1535 endum'
1542 1511 1624 1537 esse
1648 1501 1722 1551 τῆς

264 1571 307 1596 τε
329 1552 425 1606 πρὸς
445 1552 561 1606 ημᾶς.
618 1555 822 1591 Praeterea
851 1554 993 1600 miror,
1024 1553 1215 1592 Harduin.
1245 1553 1448 1604 scripsisse
1476 1551 1722 1607 ὖπερμαχον-

263 1623 336 1660 τοι,
366 1623 466 1662 quae
494 1623 575 1648 vox
612 1615 669 1647 est
702 1609 835 1658 nihili,
865 1623 939 1660 pro
972 1607 1294 1662 υπερμαχοῦντα,
1331 1622 1460 1660 neque
1496 1611 1722 1664 συμφορίας

267 1674 439 1706 mutasse
461 1667 502 1704 in
525 1666 767 1718 συμμορίας,
797 1679 871 1704 nec
887 1668 959 1705 τοῦ
979 1666 1111 1705 δοκεῖν
1131 1667 1173 1702 111
1192 1669 1247 1719 τῷ
1270 1667 1416 1706 δοκεῖν.
1474 1666 1618 1704 Sensus
1641 1673 1719 1705 est:

268 1728 462 1775 quoniam
483 1723 637 1760 virille
657 1736 732 1773 per
757 1722 1056 1759 simulationem
1081 1721 1293 1759 videbatur
1317 1729 1477 1759 nostrae
1507 1725 1721 1760 sententiae

268 1791 366 1831 esse.
391 1786 427 1816 et
442 1787 574 1816 tamen
590 1793 667 1830 pro
694 1777 1023 1815 adversariorum
1040 1778 1408 1828 partibus-fortiter
1418 1779 1720 1830 propugnabat.

379 1832 486 1887 Pag.
514 1838 580 1878 39.
613 1836 684 1871 lin.
716 1839 753 1877 2.
784 1831 880 1875 ὅσον
905 1832 949 1874 τό
978 1831 1044 1874 ἐπ’
1072 1832 1236 1888 ἐκείνῳ]
1278 1835 1326 1872 111
1358 1835 1500 1872 Codice
1523 1835 1720 1886 scriptum

269 1898 345 1940 est,
377 1889 474 1932 ὅσον
496 1894 573 1946 τῷ,
607 1904 833 1943 perperam:
862 1891 956 1928 vide
992 1903 1089 1941 quae
1127 1890 1351 1929 observavit
1379 1890 1442 1929 vir
1476 1891 1721 1929 acutissimus

270 1949 470 1996 Augustus
489 1947 675 1985 Matthiae
697 1948 913 1985 Grammat.
934 1947 1069 1984 Graec.
1091 1949 1184 1989 282.
1207 1947 1250 1985 Β.
1287 1946 1385 1984 Nam
1415 1947 1521 1998 apud
1551 1948 1591 1986 S.
1620 1946 1721 1997 Epi-

269 2003 462 2070 phanium
481 2005 679 2041 Ancorato
699 2004 745 2041 11.
770 2004 833 2045 14.
859 2004 899 2040 C.
924 2002 1069 2053 legitur
1091 2003 1247 2053 quidem
1265 2002 1446 2040 similiter
1469 1999 1565 2042 οσον
1585 2004 1641 2058 ’τῷ
1660 1998 1720 2042 ἐπ’

271 2056 498 2114 ἀνθρώπῳ,
528 2061 595 2097 sed
626 2059 681 2097 ibi
709 2073 866 2110 quoque
895 2056 937 2099 τὸ
964 2058 1242 2108 corrigendum
1274 2064 1354 2107 est,
1384 2057 1486 2095 sicut
1507 2059 1583 2095 iam
1611 2044 1719 2110 apud

274 2115 470 2152 eundem
461 2129 691 2167 impressum
716 2130 807 2153 cum
829 2115 921 2152 alibi
941 2121 1050 2152 extat
1079 2121 1161 2151 tum
1183 2115 1284 2152 libro
1304 2114 1501 2151 Adversus
1521 2113 1667 2154 haeres.
1687 2111 1727 2152 Ι.

234 2174 368 2213 13609.
400 2169 443 2210 A.
472 2169 568 2211 όσον
594 2168 748 2212 τὸκατ’
768 2168 902 2211 αυτόν.
944 2171 1105 2208 Inverso
1133 2170 1273 2208 ordine
1298 2169 1489 2221 Iosephus
1518 2170 1718 2221 Antiquit.

268 2226 417 2266 Iudaic.
437 2228 529 2269 655.
551 2228 590 2265 C.
614 2243 657 2267 το
680 2224 777 2267 ὅσον
796 2224 864 2267 ἐπ’
879 2223 1031 2274 αυτοῖς·
1063 2226 1240 2263 Clemens
1257 2225 1548 2264 Alexandrinus
1568 2226 1719 2264 Admo-

267 2283 421 2322 nitione
440 2284 491 2320 ad
509 2289 612 2333 gent.
636 2287 701 2325 37.
726 2284 767 2321 C.
788 2282 831 2324 τὸ
851 2280 946 2323 ὅσον
965 2278 1037 2333 ἐφ’
1056 2280 1171 2333 ὑμῖν·
1202 2288 1241 2320 et
1261 2282 1471 2332 Paedagog.
1492 2282 1585 2325 248.
1609 2282 1650 2320 C.
1671 2277 1719 2322 v&

268 2335 367 2381 ὅσον
390 2334 461 2379 ἐπ’
502 2335 653 2385 αὐταῖς.
712 2340 832 2390 quue
857 2339 1096 2377 adieetivum·
1126 2334 1218 2385 ’ὅσος
1252 2351 1342 2375 cum
1372 2339 1641 2390 perelegantes·
1672 2337 1718 2374 in

268 2395 379 2435 omni
399 2407 538 2446 genere
560 2395 862 2445 significationes
883 2395 1045 2443 habeat,
1075 2393 1219 2431 mirum
1240 2407 1322 2431 non
1343 2400 1420 2442 est,
1450 2394 1492 2433 in
1521 2407 1565 2432 eo
1590 2404 1718 2444 expo-

268 2451 400 2490 nendo
436 2451 579 2489 multos
610 2464 752 2502 eosque
781 2452 920 2489 doctos
956 2451 1188 2501 interpretes
1227 2463 1307 2488 esse
1336 2450 1477 2502 lapsos,
1533 2448 1718 2487 velutin

268 2504 443 2559 phrasi
429 2504 526 2547 ὅσον
542 2502 639 2559 ἧκεν
658 2507 748 2554 εἰς’
731 2505 819 2558 εμὲ,
850 2506 961 2558 quod
982 2505 1040 2544 ad
1063 2520 1122 2543 me
1146 2508 1308 2544 attinet:
1338 2519 1474 2557 quam,
1504 2504 1610 2556 apud
1637 2518 1718 2555 po·-

270 2564 452 2602 steriores
478 2569 582 2603 certe
585 2563 843 2620 scriptores,
874 2563 997 2600 multo
1019 2562 1141 2612 magis
1163 2562 1207 2600 in
1233 2576 1308 2600 usu
1327 2575 1410 2600 esse
1433 2561 1572 2610 video,
1600 2573 1718 2611 quam.

270 2621 432 2658 alteram
458 2616 557 2660 ὅσον
573 2621 670 2671 ἡκεν
697 2615 763 2658 ἐπ’
780 2616 866 2670 ἐμὲ,
898 2619 946 2656 de
967 2632 1042 2669 qua
1063 2619 1225 2669 Vigerus
1254 2616 1468 2657 Hermanni
1489 2619 1581 2659 128.
1601 2618 1648 2655 A.
1679 2617 1717 2653 S.

271 2675 518 2744 Epiphanius
540 2676 740 2715 Adversus
763 2674 913 2714 haeres.
940 2675 968 2715 Ι.
995 2677 1115 2716 1083.
1141 2675 1185 2713 Β.
1209 2671 1305 2715 όσον
1331 2673 1404 2726 μὲν
1429 2669 1504 2725 γοὶρ
1532 2667 1630 2723 ηκεν
1661 2672 1718 2719 εἷς

270 2746 340 2771 τον
363 2728 466 2786 Κύρι
470 2742 536 2780 ον,
559 2731 670 2784 quod
690 2730 748 2768 ad
766 2733 991 2768 Dominum
1009 2738 1171 2781 spectat.
1210 2730 1396 2782 Synesius
1415 2728 1588 2779 Epistola
1608 2741 1716 2768 cxn.

274 2789 370 2831 388
393 2790 441 2830 A.
472 2784 559 2828 ἀλλ’
579 2785 676 2842 ἐγώ,
704 2785 749 2829 τό
769 2802 812 2842 γε
834 2787 890 2836 εἰς
910 2782 1025 2840 ἐμὲ
997 2802 1120 2840 ηκον,
1148 2784 1256 2828 ἅπαν
1279 2800 1396 2828 ποιω.
1445 2783 1622 2824 Isidorus
1644 2783 1719 2822 Pe-
