1768 3034
299 160 364 208 98
792 162 942 205 LEON
946 160 994 203 IS
1022 158 1260 203 DIACONI

89 285 123 314 A.
145 282 187 313 M.
209 277 298 314 6478
309 278 427 317 τοῦτο
454 276 631 329 προσῆν,
670 269 731 313 ὅτι
761 288 801 313 τε
828 272 915 325 περὶ
935 266 1082 316 πότους
1104 266 1209 309 ἔστιν
1230 265 1294 308 ὅτε
1315 266 1426 322 παρὰ
1456 266 1504 308 τὸ
1531 269 1735 323 προσῆκον

132 327 197 359 lud.
219 325 262 359 13
309 340 481 395 ἐκώμαζε
491 372 504 391 ,
543 341 608 381 καὶ
631 340 718 394 περὶ
737 339 810 386 τὰς
830 342 902 378 τοῦ
923 335 1111 389 σώματος
1130 334 1279 388 ἡδονὰς
1298 332 1518 388 διεπτόητο.

178 428 219 461 Ρ,
243 428 288 462 50
410 407 458 450 δ’.
490 407 600 449 Ἀλλ’
633 405 739 447 οὕτω
765 406 836 459 μὲν
865 405 905 444 ἓν
932 402 1099 458 ἡμέραις
1127 400 1226 444 ἑπτὰ
1254 402 1306 443 τὰ
1324 405 1396 455 τῆς
1415 401 1613 448 πολιτείας
1632 401 1732 441 διοι-

1623 467 1636 481 ²

304 473 546 530 κησάμενος,
584 474 650 514 καὶ
672 473 744 526 τὴν
764 472 890 526 ἀρχὴν
914 469 1043 527 ἑαυτῷ
1067 467 1386 525 κρατυνάμενος,
1423 469 1490 509 καὶ
1518 465 1572 516 ὥς
1592 484 1663 508 ουκ
1685 466 1734 508 ἄν

305 559 365 591 τις
385 541 503 599 ᾠήθη
535 540 631 582 ποτὲ
660 537 730 595 (ἐν
758 539 835 594 γὰρ
856 545 942 587 ταῖς
967 539 1169 593 μεγίσταις
1187 541 1268 579 τῶν
1286 533 1534 592 πραγμάτων
1557 538 1768 588 uetusto-5

306 614 395 657 λαῖς
405 641 418 661 ,
455 610 626 660 πολλῆς,
666 605 719 654 ὥς
741 607 864 658 εἰκὸς,
890 604 1067 653 στάσεως
1084 603 1437 661 ἄναῤῥιπιζομένης
1454 604 1520 643 καὶ
1539 606 1730 657 ταραχῆς,

304 675 419 727 τότε,
453 674 524 716 οὒκ
545 672 625 716 οἷδ’
654 673 762 723 ὅπως
771 706 784 725 ,
821 673 1053 728 παρατυχὸν
1074 671 1263 725 εὖκοσμία
1291 688 1351 719 τις
1383 671 1449 711 καὶ
1471 673 1623 723 βαθεῖα
1645 669 1733 723 σιγὴ

304 743 375 784 τὸν
395 745 524 795 δῆμον
544 740 728 794 κατέσχε,
767 744 838 781 τοῦ
862 738 1159 795 αὐτοκράτορος
1179 737 1417 794 Νικηφόρον
1437 736 1730 792 ἀναιρεθέντος,

306 811 376 851 καί
400 825 507 856 τινος
537 807 624 856 ἑνὸς
653 812 733 849 τῶν
761 806 1021 849 ὑπασπιστῶν
1051 805 1186 861 ἑτέρου
1206 805 1383 864 μηδενὸς
1401 803 1475 846 κᾶν
1499 805 1561 844 ἐπὶ
1588 801 1735 859 κόῤῥης

1605 874 1625 883 συ

305 875 514 932 εῗληφότος
534 874 766 932 κόνδυλον),
805 875 845 921 ἐς
864 875 933 916 τὸν
952 878 1065 915 θεῖον
1086 875 1151 914 καὶ
1168 874 1293 927 μέγαν
1316 877 1389 926 τῆς
1416 875 1488 913 τοῦ
1520 873 1625 913 Θεου
1652 874 1734 912 Σο-
1747 882 1768 917 Ῑε

305 945 402 999 φίας
422 942 543 996 σηκὸν
563 944 744 999 εἷσφοιτᾷ
754 974 767 993 ,
807 939 862 989 ὥς
879 942 979 997 πρὸς
999 945 1071 982 τοῦ
1095 939 1344 996 πατριάρχου
1365 938 1467 980 κατὰ
1486 937 1533 979 τὸ
1554 937 1733 990 εἳθισμέ-

268 1016 377 1052 Βνον
396 1014 453 1067 τῷ
473 1010 662 1065 βασιλείῳ
684 1006 901 1062 διαδήματι
927 1006 1304 1061 ταινιωθησόμενος.
1352 1006 1525 1048 εἴθισται
1544 1004 1621 1059 γὰρ
1640 1003 1735 1052 τοὺς

1540 1072 1550 1086 ἱ
1598 1070 1618 1086 ἹΙ

303 1077 391 1133 νέον
411 1081 483 1131 τῆς
498 1075 719 1129 Ῥωμαϊκῆς
737 1074 947 1130 ἡγεμονίας
966 1076 1349 1131 προσεπιβαίνοντας
1368 1074 1435 1114 ἐπί
1449 1090 1491 1114 τε
1509 1089 1578 1113 τον
1592 1076 1734 1125 αμβω-

303 1162 355 1186 να
374 1148 447 1186 τοῦ
476 1144 550 1185 νεώ
579 1143 749 1194 ἀνιέναι,
787 1144 854 1183 καὶ
884 1143 984 1198 πρὸς
1004 1146 1076 1183 τοῦ
1109 1142 1211 1183 κατὰ
1231 1140 1393 1197 καιροὺς
1415 1138 1600 1195 ἱεράρχου
1621 1138 1735 1180 εὔλο-

90 1214 159 1251 Fol.
176 1217 243 1252 299
267 1211 469 1266 ῐ.γεῒσθαί
482 1227 546 1262 τε,
584 1211 650 1251 καὶ
676 1213 733 1266 τῷ
750 1211 938 1266 βασιλείῳ
960 1209 1093 1265 στέφει
1114 1212 1371 1250 ταινιοῦσθαι
1388 1207 1461 1261 τὴν
1488 1203 1674 1262 κεφαλήν.
1713 1202 1768 1251 ὅι

302 1279 347 1319 δὲ
364 1275 621 1326 Πολύευκτος
643 1276 713 1318 τὸν
731 1280 803 1330 τῆς
829 1278 1094 1332 πατριαρχίας
1113 1274 1202 1318 τότε
1228 1273 1383 1331 θρόνον
1412 1281 1575 1326 κατεῖχε.
1622 1269 1736 1320 θεῖός

302 1345 349 1386 τέ
368 1361 427 1393 τις
456 1343 511 1386 ὢν
539 1346 605 1385 καὶ
635 1343 728 1394 ζέων
750 1348 807 1399 τῷ
837 1343 1029 1396 πνεύματι
1038 1375 1051 1395 ,
1090 1345 1124 1384 εἷ
1150 1344 1216 1383 καὶ
1237 1342 1310 1396 τὴν
1329 1340 1484 1395 ἡλικίαν
1503 1340 1650 1395 ἔξωρος
1668 1334 1732 1393 ἦν,

301 1412 358 1466 μὴ
380 1411 523 1460 ἐξεῖναί
545 1411 583 1452 οἱ
603 1409 745 1464 ἐδήλου
767 1414 823 1466 τῷ
841 1414 1002 1463 βασιλεῖ
1015 1411 1055 1458 ἐς
1075 1410 1120 1451 τὸ
1143 1410 1247 1466 ἱερὸν
1268 1407 1503 1450 εἰσελαύνειν
1511 1439 1526 1459 ,
1563 1408 1656 1463 πρὶν
1684 1404 1735 1447 ἂν

301 1479 376 1532 τὴν
397 1478 642 1532 Αὖγοῢσταν
667 1481 748 1518 τῶν
777 1479 989 1529 βασιλείων
1011 1475 1204 1532 ἐξαγάγῃ,
1241 1477 1307 1517 καὶ
1334 1476 1404 1517 τὸν
1425 1474 1636 1529 ἀναιρέτην
1661 1476 1735 1514 τοῦ

302 1543 600 1601 αὐτοκράτορος
617 1542 870 1599 Νικηφόρον,
896 1543 1016 1599 ὅσπερ
1038 1543 1087 1585 ἂν
1110 1544 1182 1598 εἴη,
1207 1543 1479 1598 καθυποδείξῃ
1494 1555 1504 1565 ·
1526 1543 1591 1583 καὶ
1608 1550 1768 1597 προσ-3

304 1613 360 1654 ε’τι
388 1612 458 1653 τὸν
485 1610 611 1664 τόμον
637 1615 688 1666 τῇ
717 1610 873 1668 συνόδῳ
899 1612 1198 1667 προσαποτίσῃ,
1238 1609 1283 1652 ὃν
1311 1608 1332 1652 ὃ
1364 1607 1600 1665 Νικηφόρος
1625 1606 1737 1663 παρὰ

272 1680 355 1727 cto
377 1678 479 1727 εἰκὸς
498 1677 758 1734 ἔνεώχμωσεν.
807 1676 827 1719 ὃ
844 1679 920 1734 γὰρ
937 1676 1185 1734 Νικηφόρος,
1219 1677 1294 1719 εἴτε
1313 1677 1364 1719 τὰ
1382 1681 1477 1718 θεῖα
1499 1674 1599 1730 πρός
1619 1690 1737 1716 τινων

303 1751 384 1788 τῶν
404 1746 537 1802 ἱερέων
552 1743 762 1798 κινούμενα
779 1744 1022 1799 βουλόμενος
1041 1747 1257 1801 διορθοῦν,
1281 1742 1336 1793 ὥς
1357 1742 1454 1803 ᾤετο
1464 1776 1478 1795 ,
1502 1743 1576 1784 εἴτε
1595 1745 1737 1790 κατεξ-

305 1812 498 1864 θυσιάζειν
526 1814 593 1854 καὶ
619 1816 699 1854 τῶν
729 1812 868 1869 ἱερῶν,
908 1812 1003 1869 ὅπερ
1033 1811 1250 1854 ἔκσπονδον
1267 1806 1342 1866 ἦν,
1380 1809 1505 1865 τόμον
1529 1807 1735 1864 σχεδιάσαι

395 1898 450 1931 19.
480 1894 654 1940 ἐπαγάγοι
676 1895 751 1930 cod.
794 1897 888 1932 Fort.
912 1893 1105 1942 ἀπαγάγοι.

305 1963 392 2007 quod
410 1962 560 1996 nimirum
578 1964 731 2007 potibus,
755 1964 899 2009 vinoque
919 1976 958 1998 ac
986 1962 1280 1997 comessationibus
1303 1961 1502 2006 quandoque
1526 1961 1602 2006 plus
1628 1970 1735 2004 aequo

301 2007 513 2049 indulgebat,
538 2009 754 2052 corporisque
771 2010 998 2053 voluptatibus
1021 2009 1120 2042 avide
1136 2009 1296 2041 inhiabat.

391 2052 424 2086 4.
450 2053 571 2085 Verum
588 2054 636 2086 sic
658 2054 791 2098 quidem
810 2060 938 2098 septem
952 2054 1079 2087 dierum
1095 2053 1205 2097 spatio
1217 2051 1399 2096 composita
1413 2051 1462 2083 issi
1470 2050 1569 2094 nep„
1587 2053 1736 2084 asserto-
1764 2057 1766 2059 '

301 2107 367 2141 que
392 2097 552 2140 imperio,
576 2109 644 2141 qua
667 2110 761 2131 nemo
785 2100 915 2132 ratione
938 2109 1083 2143 unquam
1107 2097 1278 2141 putaverit
1299 2097 1391 2138 (cum
1415 2095 1501 2129 enim
1529 2096 1565 2128 in
1581 2095 1733 2128 maximis

299 2152 409 2174 rerum
426 2142 663 2175 mutationibus
680 2155 800 2187 magna
824 2145 1015 2187 plerumque
1036 2142 1158 2175 seditio
1185 2146 1220 2175 et
1243 2141 1391 2174 turbatio
1419 2140 1617 2181 suscitetur,
1639 2144 1734 2180 tunc,

299 2186 434 2218 fortuna
458 2186 571 2219 nescio
591 2198 674 2231 qua,
698 2189 858 2221 modestia
882 2189 1046 2232 altumque
1069 2187 1234 2221 silentium
1259 2186 1417 2230 populum
1439 2185 1571 2225 tenuit,
1603 2185 1735 2218 sublato

298 2230 492 2274 Nicephoro
514 2232 685 2274 Augusto,
709 2244 781 2265 cum
806 2238 982 2271 praeterea
999 2243 1092 2265 nemo
1112 2231 1198 2264 alius
1216 2230 1394 2264 satellitum
1410 2230 1465 2263 vel
1484 2231 1519 2263 in
1532 2241 1650 2273 genam
1668 2240 1735 2273 pu-

302 2286 401 2318 gnum
418 2276 644 2319 accepisset),
669 2278 712 2310 ad
732 2273 879 2310 divinum
898 2287 1115 2321 magnumque
1133 2276 1199 2308 Dei
1216 2275 1411 2319 Sapientiae
1429 2275 1600 2308 delubrum
1628 2274 1734 2314 venit,

302 2323 341 2352 ut
366 2332 388 2354 a
415 2321 608 2364 patriarcha
637 2333 679 2354 ex
707 2333 797 2354 more
822 2323 1007 2355 diademate
1029 2325 1131 2365 caput
1156 2320 1354 2363 cingeretur.
1400 2321 1454 2354 Ita
1480 2320 1566 2354 enim
1587 2319 1734 2353 moribus

301 2370 483 2408 receptum,
506 2370 543 2398 ut
560 2365 616 2409 qui
632 2367 811 2399 Romanum
826 2367 1001 2411 imperium
1016 2367 1150 2406 adeant,
1173 2365 1209 2397 in
1225 2365 1340 2409 templi
1356 2366 1524 2399 ambonem
1538 2364 1732 2403 ascendant,

301 2414 338 2442 et
364 2411 406 2443 ab
434 2421 473 2442 eo
502 2409 558 2454 qui
584 2421 644 2454 pro
670 2416 819 2454 tempore
845 2411 951 2444 sacris
968 2415 1120 2455 praeest,
1151 2411 1235 2444 bene
1250 2410 1334 2454 ipsis
1355 2414 1559 2455 apprecato,
1581 2409 1733 2442 diadema
1761 2442 1765 2454 ÷

301 2454 403 2498 capiti
420 2454 607 2499 impositum
624 2456 802 2499 accipiant,
849 2457 1048 2499 Polyeuctus
1064 2460 1145 2488 tunc
1172 2455 1285 2489 sedem
1308 2454 1562 2499 patriarchalem
1581 2453 1729 2486 tenebat.
1764 2472 1768 2499 j

299 2499 353 2540 Is,
383 2500 437 2533 vir
456 2511 537 2532 sane
554 2499 686 2533 divinus
702 2505 738 2533 et
756 2500 874 2544 spiritu
896 2502 1048 2540 fervens,
1074 2500 1222 2544 quamvis
1247 2504 1359 2534 aetate
1385 2500 1550 2541 effoetus,
1579 2498 1730 2542 Impera-

299 2544 366 2577 tori
383 2544 579 2586 denunciat,
610 2556 677 2578 non
698 2545 730 2578 ei
758 2545 859 2578 licere
890 2545 925 2578 in
953 2544 1125 2578 ecclesiam
1160 2545 1313 2589 ingredi,
1345 2545 1410 2578 nisi
1429 2549 1528 2578 antea
1544 2544 1729 2586 Augustam

299 2589 375 2622 aula
400 2589 587 2634 expulerit,
621 2601 660 2623 ac
684 2589 871 2633 Nicephori
895 2590 1052 2634 Imperat.
1079 2601 1325 2634 percussorem,
1361 2589 1510 2634 quisquis
1534 2588 1592 2621 ille
1626 2591 1727 2627 esset,

298 2634 503 2667 ostenderit:
529 2635 572 2668 ad
592 2635 665 2675 hoc,
680 2634 849 2668 decretum
867 2636 994 2678 syuodo
1014 2636 1210 2675 remitteret,
1233 2635 1322 2680 quod
1338 2639 1473 2679 praeter
1487 2634 1540 2666 fas
1555 2632 1727 2676 Nicepho-

297 2688 352 2709 rus
370 2682 538 2713 novasset.
583 2679 618 2712 Is
634 2679 738 2720 enim,
762 2680 835 2713 sive
861 2691 901 2712 eo
923 2679 1051 2720 animo,
1075 2683 1113 2712 ut
1134 2691 1191 2713 res
1208 2691 1345 2719 sacras,
1369 2690 1390 2712 a
1405 2678 1602 2723 quibusdam
1618 2687 1731 2710 saeer-

295 2721 428 2756 dotibus
444 2724 650 2764 immutatas,
668 2729 706 2758 ut
725 2724 789 2758 sibi
815 2724 1012 2765 videbatur,
1035 2725 1253 2765 restitueret,
1277 2725 1349 2758 sive
1377 2723 1465 2768 quod
1489 2733 1559 2756 rem
1583 2721 1730 2755 divium

296 2776 451 2811 quoque,
489 2770 579 2814 quod
601 2770 716 2811 nefas,
739 2770 905 2804 ‘subiicere
926 2769 991 2804 sibi
1018 2769 1120 2804 vellet
1133 2793 1144 2811 ,
1168 2770 1339 2804 decretum
1366 2768 1531 2803 conficere
1554 2766 1728 2812 episcopos
