1748 3094
242 145 341 196 408
700 156 748 201 C.
776 156 824 200 Β.
850 153 1004 199 HASH
1029 155 1230 200 NOTAE

240 259 310 299 sed
326 258 468 312 τειχίον
480 258 600 298 scribi
616 255 901 323 παροξυτόνως,
931 272 1049 311 quam
1065 266 1250 299 accentus
1267 260 1459 300 rationem
1477 260 1562 314 ipse
1581 275 1680 313 quo-

239 329 316 367 que
333 316 377 353 in
396 321 509 354 textu
524 315 665 354 Leonis
687 315 848 364 retinui,
878 316 1002 357 Codd.
1021 322 1136 368 atque
1154 316 1344 355 editiones
1361 317 1601 368 antiquiores
1619 331 1681 356 se-

238 378 365 413 cutus.
420 372 467 409 In
496 371 647 409 Lexieis
674 384 784 409 nune
806 372 1039 435 plerumque
1060 368 1414 477 προπαροξυτόνως
1446 373 1680 457 impressum

239 434 322 479 est,
349 427 481 466 nescio
505 441 618 478 quam
636 427 749 465 bona
758 428 1000 466 auctoritate.

346 499 456 548 Pag
487 500 552 540 12
579 496 650 537 lin.
672 499 713 539 6.
739 492 813 538 οσα
830 497 1055 550 φονιωδως]
1081 497 1147 536 Sic
1165 497 1261 536 cod,
1278 510 1353 536 nec
1372 498 1545 538 mutavi:
1573 504 1678 537 tam-

237 552 312 591 etsi
334 552 564 591 adverbium
588 553 798 603 φονιωδῶς
820 554 903 593 sive
926 555 1153 605 φοινιωδως
1176 552 1359 606 nequein
1376 554 1534 606 Lexico,
1550 568 1679 607 neque

235 608 281 646 in
301 615 479 658 auctore,
509 614 699 659 quantum
721 609 903 659 memini,
933 610 1080 648 offendi
1098 610 1194 650 ullo.

347 677 451 717 Ibid-
481 678 554 719 lin.
586 680 650 720 10.
680 678 723 718 ἐκ
739 682 810 730 τῆς
828 694 980 719 τουτων
996 675 1245 733 ἄπαγωγῆςς]
1264 679 1320 718 De
1338 678 1512 718 Arabum
1530 693 1679 718 excur-

235 733 412 773 sionibus
442 734 650 771 maritimis
676 747 725 771 ex
747 735 860 772 Creta
888 735 1004 773 factis
1033 735 1125 773 vide
1157 735 1285 773 Vitam
1313 737 1351 773 S.
1379 736 1508 774 Lucae
1531 735 1677 777 iunior.

80 783 122 819 Ρ.
145 785 212 822 193
236 790 330 830 edit.
364 805 386 828 a
421 789 653 828 Combefisio
684 788 734 826 ad
765 791 868 830 calc.
904 790 1099 829 Historiae
1133 790 1280 830 haeres.
1316 787 1678 842 Monothelitaru'm,

233 849 328 888 969.
351 847 395 885 Β.
415 846 510 883 item
534 844 760 885 Continuat.
781 847 982 884 Constant.
1003 845 1294 914 Porphyrogen.
1318 847 1389 885 ubi
1413 847 1511 886 haec
1538 848 1604 891 85.
1627 847 1674 889 A.

236 899 351 942 ,Κατοέ
369 899 411 941 δὲ
427 900 497 941 τόν
516 898 636 941 αυτὸν
650 898 788 954 καιρὸν
805 904 958 954 Κρῆτες
973 902 1092 942 παντι
1112 899 1235 956 στόλῳ
1265 898 1477 973 ἀράμενοι,
1505 919 1580 955 την
1602 919 1676 943 πα-

234 955 372 1009 ράλιον
391 954 537 1026 ἐδῄουν
552 959 632 996 τῶν
651 958 905 1023 Θρᾳκησίων,
932 957 1000 998 καὶ
1019 944 1298 1014 ᾖχμαλῶτιζον.
1344 956 1464 1012 Παροέ
1487 961 1679 1000 τοσοῦτον
1738 1008 1740 1010 v

234 1011 279 1053 δὲ
311 1042 321 1050 .
348 1041 358 1051 .
376 1041 386 1050 .
417 1010 464 1053 οὕ
485 1027 559 1066 την
576 1013 786 1065 αι’γιαλῖτιν
811 1010 932 1065 μόνον
956 999 1168 1066 ἐπειρῶντο
1185 1014 1469 1080 καταδραμεῖν,
1497 1011 1592 1055 ἄλλα
1609 1014 1680 1056 καὶ

232 1066 332 1108 mato?
358 1083 439 1108 των
466 1068 508 1109 ἐν
535 1071 593 1123 τῷ
622 1066 727 1120 όρει,
758 1066 854 1122 ὅπερ
870 1066 975 1109 οὕτω
999 1073 1195 1119 καλεῖται,
1223 1066 1407 1121 Λάτρος,
1437 1067 1678 1123 ἒνσκηνουν-

232 1139 332 1173 των,
361 1124 429 1164 καὶ
462 1128 540 1164 τῶν
571 1124 621 1174 [1.
643 1122 733 1175 τὸν]
764 1121 982 1177 μοναύλιον
1008 1127 1099 1178 βίον
1129 1121 1430 1177 ασπαζομὲνων,
1458 1129 1597 1181 γυμνῷ
1621 1142 1675 1166 τω

232 1180 341 1228 ξίφει
360 1184 512 1232 χωρεῖν,
525 1179 591 1220 καὶ
604 1183 763 1220 Μυσῶν
782 1181 891 1221 λείαν
908 1178 956 1221 τὰ
969 1181 1092 1221 ἐκεῖσε
1111 1185 1255 1221 ποιεῖν.
1283 1182 1398 1220 Unde
1419 1167 1679 1221 ιιιιιιιεινθιιιιιι

231 1234 302 1271 illa
322 1236 399 1273 vini
423 1236 529 1273 docti
547 1237 600 1273 Le
619 1236 739 1284 Beau‚
758 1236 865 1274 haud
881 1237 961 1275 scio
979 1250 1114 1275 annon
1135 1237 1282 1288 opt-ime
1300 1237 1469 1288 reddita,
1492 1239 1678 1276 Histoire

232 1289 290 1328 du
317 1293 632 1343 Bas-Empire,
661 1292 766 1331 XIV.
791 1293 887 1334 433.
949 1294 1008 1330 Un
1028 1292 1076 1329 de
1101 1295 1211 1331 leurs
1223 1295 1361 1343 partis
1382 1307 1455 1331 osa
1480 1301 1677 1330 traversa·

232 1353 341 1383 toute
370 1348 413 1384 la
449 1348 616 1396 Thrace,
645 1355 681 1384 et
703 1350 887 1398 penetret·
916 1349 1114 1400 ius-qulam
1147 1354 1257 1384 mont
1289 1349 1469 1398 Latrus,
1497 1347 1604 1386 dana·
1631 1349 1677 1386 la
1719 1365 1722 1367 ⁷

231 1402 344 1440 basse
368 1404 511 1452 Ᾰίέείε,
543 1405 594 1441 οιὶ
620 1404 673 1441 ils
699 1404 887 1454 pillerent
913 1417 971 1442 un
997 1403 1107 1441 riche
1121 1405 1354 1442 manaa-tere.
1410 1403 1564 1441 Etenim
1586 1404 1677 1456 pri-

229 1471 339 1496 mum
358 1459 557 1496 Thracesii
578 1473 660 1496 non
676 1465 767 1496 sunt
786 1460 818 1496 Γ
822 1458 976 1508 braces
1006 1459 1075 1497 sed
1102 1458 1253 1496 incolae
1275 1458 1389 1496 Asiae
1412 1461 1675 1511 proconsula-

230 1514 286 1552 ris
316 1515 365 1552 ad
387 1515 579 1565 Aegaeum
600 1526 727 1555 mare
754 1515 845 1552 vide
867 1528 986 1566 supra
1008 1513 1047 1556 4.
1067 1514 1109 1552 G.
1139 1520 1179 1552 et
1207 1514 1408 1553 Constant.
1430 1515 1674 1567 Porphyrog.

229 1569 287 1607 De
313 1570 474 1608 themat.
500 1571 527 1608 Ι.
554 1574 595 1612 7.
623 1571 669 1609 F.
704 1567 755 1610 Τὸ
781 1573 856 1610 νῦν
883 1566 1132 1637 καλούμενον
1156 1560 1393 1623 Θρακησίων
1414 1569 1522 1622 θὲμα
1549 1568 1675 1612 πάλαι

231 1623 304 1677 μὲν
325 1625 392 1666 καὶ
407 1622 496 1666 κατ’
520 1621 642 1677 ἆρχιὶς
658 1620 768 1665 Ἀσία
795 1641 916 1679 μικρα
939 1622 1169 1678 ωνομαζετο.
1229 1625 1373 1663 Deinde
1399 1627 1539 1665 Latmo
1558 1641 1673 1666 mons

230 1694 311 1718 non
332 1682 375 1719 in
394 1682 539 1720 Moesia
557 1681 743 1720 inse1iore
760 1688 838 1732 est,
867 1681 936 1720 sed
954 1682 1048 1719 item
1070 1681 1114 1719 in
1141 1681 1256 1731 Asia,
1285 1688 1449 1737 propter
1465 1682 1672 1735 Ephesum.

188 1729 470 1776 BMemoratur
490 1738 591 1775 infla
612 1741 706 1780 196.
731 1737 772 1775 C.
796 1737 889 1775 item
906 1738 1067 1789 Scriptt.
1087 1743 1179 1788 post
1194 1737 1370 1789 Theoph.
1392 1741 1483 1802 112.
1505 1739 1547 1778 B.
1576 1743 1673 1781 267.

229 1793 273 1832 Β.
298 1793 463 1832 Cedren.
485 1787 695 1845 Compend.
721 1792 868 1832 Histo1.
895 1793 942 1831 ΙΙ.
971 1794 1065 1835 546.
1084 1793 1125 1830 C.
1154 1793 1426 1844 Habemusque
1454 1794 1498 1831 in
1525 1794 1674 1832 Biblio-

227 1848 342 1886 theca
360 1850 453 1899 Reg.
474 1850 568 1888 Cod.
598 1849 665 1888 Gr.
687 1849 760 1888 No.
782 1850 877 1892 598.
910 1847 1018 1902 (vid.
1042 1848 1203 1886 Montes.
1225 1849 1423 1900 Palaeogr.
1445 1852 1512 1891 78.
1538 1846 1603 1903 B.)
1628 1850 1674 1888 iu

231 1917 307 1952 quo
332 1905 491 1954 hgitur,
523 1900 850 1956 quemadmodum
879 1904 1091 1942 monachus
1111 1905 1336 1942 monasterii
1359 1907 1431 1957 τῆς
1448 1904 1673 1970 ὖπεραγίας

229 1958 423 1999 θεοτόκου
439 1963 512 2000 τοῦ
531 1958 704 2011 Στύλου,
735 1958 861 2012 ἤγουν
879 1963 952 2000 τοῦ
972 1959 1087 2013 ἇγίου
1104 1956 1270 2001 Παύλου
1297 1963 1369 2000 τοῦ
1390 1956 1610 2027 Λιὶτρους.

231 2012 256 2053 ὁ
283 2011 394 2064 ἅγιος
421 2013 729 2067 Χριστόδουλος,
759 2014 826 2056 δια
851 2031 923 2067 την
960 2015 1115 2083 ἔφοδον,
1139 2031 1219 2055 των
1253 2013 1388 2055 α’θέων
1422 2011 1672 2081 Ἰσμαηλιτῶν

229 2065 438 2122 μετῴκισεν
465 2071 522 2117 εἰς
543 2087 617 2122 την
646 2068 833 2122 Πατμον,
864 2070 997 2123 φέρων
1026 2069 1115 2111 ἕν
1096 2073 1223 2125 εαυτῷ
1256 2083 1327 2110 οσα
1359 2066 1582 2121 δυνάμενος
1610 2074 1671 2123 βι-

228 2125 331 2175 βλία.
386 2125 570 2163 Moesiam
588 2127 814 2165 inferioxem
842 2133 971 2165 autem
993 2126 1127 2178 posuit
1148 2112 1339 2176 scriptor,
1371 2126 1478 2176 quod
1501 2140 1583 2164 non
1602 2127 1670 2165 in-

226 2179 383 2217 tellexit
400 2194 517 2218 voces
539 2185 697 2221 Μυσων
720 2184 840 2222 λείαν.
898 2182 1002 2229 Quas
1023 2181 1292 2233 proverbiales
1311 2194 1392 2218 esse
1410 2182 1497 2231 quis
1519 2188 1577 2220 est
1601 2183 1670 2234 qui

229 2235 407 2272 nesciat?
437 2236 644 2275 Cinnamus
661 2237 896 2280 Histo1.19
924 2238 1033 2277 λείαν
1055 2239 1212 2276 Μυσῶν
1239 2252 1305 2276 και
1331 2253 1378 2276 τα
1404 2237 1448 2277 ἐν
1471 2237 1591 2278 ποσιν
1607 2238 1669 2290 ἔρ-

228 2287 444 2342 γαζόμενοι.
489 2292 578 2330 Vid.
607 2300 806 2344 praeterea
833 2294 975 2331 Zenob.
1007 2293 1162 2331 Centur.
1188 2291 1234 2367 ν.
1285 2293 1469 2332 Proverb.
1495 2297 1591 2337 118.
1620 2294 1666 2335 A.

228 2345 451 2398 Diogenian.
470 2347 627 2386 centur.
645 2348 709 2387 VI.
738 2352 832 2392 232.
860 2350 903 2390 B.

340 2415 442 2454 [bid.
474 2415 544 2454 lin.
576 2420 639 2460 12.
668 2432 761 2464 τους
780 2413 977 2468 ψεύστας,
1005 2433 1053 2458 τα
1080 2417 1207 2470 θηρία
1230 2414 1278 2456 τα
1305 2412 1486 2471 κάκιστα]
1515 2417 1666 2458 Allusio
1722 2460 1724 2462 ,

229 2470 280 2509 ad
295 2471 427 2509 locum
449 2474 486 2512 S.
506 2473 613 2511 Pauli
634 2473 757 2524 Epist.
777 2474 826 2510 ad
843 2474 919 2513 Tit.
943 2487 1029 2525 cap.
1049 2472 1079 2514 Ι.
1109 2485 1150 2512 v.
1181 2475 1246 2515 12.
1731 2473 1738 2485 ¹

339 2540 444 2580 Ibid·
473 2542 543 2581 lin
572 2540 638 2584 24.
667 2539 742 2582 συν
760 2545 818 2597 τῷ
837 2546 1016 2597 Παστιλᾷ
1027 2538 1248 2596 Νικηφὸρῳ
1267 2542 1309 2583 οἵ
1327 2546 1666 2595 προκατασκοπεῒν

230 2595 441 2651 σταλέντες]
472 2584 823 2650 Προκατασκοπέω,
853 2584 1019 2637 verbum
1040 2612 1129 2636 1³10
1158 2612 1389 2647 oecumens,
1418 2611 1573 2648 quoque
1596 2612 1666 2636 ca-

225 2657 315 2689 rent
333 2652 499 2701 Lexica,
530 2652 738 2704 usurpavit
758 2661 912 2704 praeter
930 2655 1098 2692 Leonem
1126 2655 1163 2691 S.
1185 2655 1360 2692 Clemens
1383 2655 1581 2691 Romanus
1612 2654 1665 2691 De

226 2708 568 2756 peregrinationib.
600 2710 637 2749 S.
657 2708 763 2747 Petri
786 2711 851 2752 59.
884 2710 926 2749 C.
955 2708 1023 2749 καὶ
1042 2705 1422 2761 προκατασκοπήσας
1450 2707 1581 2759 ἡμᾶς,
1611 2725 1667 2756 ως

190 2757 387 2808 Οαυτὸς”
359 2775 522 2817 υστερον
543 2760 788 2817 ωμολόγησε·
818 2779 910 2802 cum
930 2765 1064 2803 obser*
1058 2771 1150 2802 aret
1173 2775 1264 2812 noe,
1293 2763 1414 2802 vertit
1440 2763 1663 2802 Penonius:
