1748 3094
250 183 347 231 404
706 186 754 230 C.
781 187 828 228 Β.
857 183 1010 228 ΗΑ5Π
1035 179 1236 228 NOTAE

105 299 146 335 P.
174 300 239 335 190
253 286 568 347 w906vman26oe,
598 292 729 330 subter
749 290 929 341 explico„
945 290 988 328 in
1004 287 1158 328 Lexicis
1180 285 1446 336 desideratur,
1474 297 1600 338 neque
1615 284 1701 338 ipse

255 349 403 391 offendi
428 357 539 389 extra
561 349 684 388 vitam
713 349 751 388 S.
777 346 1047 398 Chrysostomi
1073 344 1120 383 ab
1150 356 1346 394 anonymo
1377 342 1565 394 scriptam
1596 342 1719 394 Opp.⁴

254 408 359 447 Vnt.
379 409 472 450 136.
491 409 557 448 33.
576 401 677 459 ζώσῃ
695 405 813 455 φωνῇ
829 400 900 450 τοὶς
914 405 987 454 τῆς
1004 397 1195 453 ἀληθείας
1210 395 1372 447 ἀκτῖνας
1387 401 1699 451 προσυφαπλῶν.

257 465 376 502 Iterat
398 463 560 501 inferius
583 462 658 498 Leo
678 461 743 501 58.
771 459 811 498 C.
839 456 1174 509 Ὗφοιπλουμὲνων
1194 454 1313 502 habet
1334 454 1402 498 25.
1423 455 1472 494 Δ.
1493 450 1701 506 ἐφήπλουν

259 520 325 563 49.
346 521 390 559 D.
409 518 655 571 primitivum
679 512 856 567 ἥπλωται
880 515 946 557 51.
968 515 1013 553 Β.
1036 519 1073 551 et
1091 516 1156 555 99.
1181 511 1227 549 A.

359 591 472 648 ’Paga
497 598 534 637 8.
562 595 634 633 lin.
655 597 719 636 16.
749 589 901 645 χάρακα
925 588 1002 644 πρό
1026 592 1100 630 τοῦ
1126 587 1262 637 ι’ίστεος
1289 584 1458 641 ἐπήξατο
1483 589 1566 628 τῶν
1592 588 1705 638 Κρη-

261 656 357 694 τῶν·
386 651 455 700 τοὶς
471 651 514 691 δέ
532 666 575 704 γε
593 646 781 703 τριήρεις]
811 649 1006 685 Cedrenus
1024 646 1122 684 haee
1139 645 1276 684 iisdem
1295 646 1375 684 fere
1393 643 1522 683 verbis
1541 642 1591 682 11.
1612 641 1705 684 643.

261 710 306 748 A.
327 709 395 747 ubi
416 722 488 760 pro
501 737 511 756 ‚
540 703 684 753 πάσαις
702 708 890 756 μηχαναῖς
912 705 1229 755 πολιορκητικαΐς
1248 698 1491 753 χρησάμενος
1512 694 1705 751 ὀργάνων,

263 779 313 804 ex
331 766 436 803 bono
458 762 667 801 admodum
679 759 870 811 Scylitzae
891 759 1025 796 codice
1043 758 1148 796 inter
1166 757 1325 796 Coislin.
1345 762 1501 795 nostros
1520 755 1593 796 No.
1614 755 1706 796 136·

264 835 383 859 sensu
400 821 493 858 item
510 817 732 870 postulante
751 829 825 854 scr.
845 816 1155 866 πολιορκητικῶν
1172 829 1230 867 χρ.
1249 809 1281 854 ὅ.

328 932 330 934 ,
376 901 480 949 Pag.
505 901 544 939 9.
579 895 649 932 lin.
672 896 709 935 1.
739 893 782 933 ἐκ
801 896 882 933 τῶν
907 889 1006 932 κατὰ
1031 888 1206 944 πόλεμον
1229 888 1520 943 χαλκοτυπιῶν]
1550 889 1707 927 Χαλκο-

264 955 386 995 τυπία
416 952 522 1005 apud
549 950 709 988 Suidam
738 949 806 987 ΙΙΙ.
836 949 929 991 652.
959 948 1065 986 unde
1095 947 1214 985 habet
1242 947 1515 985 Schneiderus.
1580 944 1709 982 Pau'ca

229 1018 258 1052 B
270 1008 580 1060 alia'composita
600 1019 687 1043 cum
706 1019 803 1043 voce
819 1002 977 1056 χαλκὸς,
1006 1005 1048 1042 in
1066 1004 1209 1042 Lexica
1226 1004 1404 1041 nondum
1420 1005 1589 1052 recepta,
1614 1003 1711 1036 nota
1737 1016 1739 1019 ·

267 1066 387 1104 haec:
420 1068 455 1106 1.
486 1061 774 1111 Χαλκέντονον,
804 1063 987 1098 tormenti
1005 1061 1137 1097 bellici
1151 1073 1302 1110 genua,
1331 1072 1402 1110 per
1418 1057 1558 1096 fibulas
1575 1066 1710 1094 aeneas

269 1123 347 1160 tela
377 1118 646 1172 propellentis.
701 1117 769 1158 Bis,
790 1117 897 1168 apud
921 1116 1123 1154 Philonem
1147 1117 1202 1153 De
1225 1116 1396 1153 telorum
1419 1111 1712 1152 constructione

271 1180 338 1221 56.
367 1178 407 1214 C.
431 1183 470 1213 et
488 1178 555 1217 78.
585 1175 627 1211 B.
649 1172 725 1210 Sed
746 1172 953 1223 quinquies
977 1172 1090 1221 alibi,
1107 1175 1186 1214 67.
1217 1172 1261 1210 F.
1282 1175 1349 1214 72.
1382 1171 1428 1211 A.
1452 1170 1494 1207 C.
1513 1168 1557 1207 F.
1576 1169 1643 1210 73.
1667 1166 1711 1204 C.

273 1234 405 1272 eadem
420 1230 599 1269 machina
623 1235 788 1267 vocatur
808 1225 1066 1280 χαλκότονον,
1098 1241 1214 1279 quam
1228 1227 1438 1265 lectionem
1456 1222 1715 1263 Schneiderus

271 1288 474 1341 praetulit.
529 1287 599 1324 Est
619 1292 751 1322 tamen
778 1282 971 1333 ἐντόνιον,
999 1284 1303 1322 instrumentum
1331 1283 1381 1321 ad
1410 1280 1619 1320 tendendas
1646 1290 1716 1314 ca·

271 1345 468 1396 tapultas‚
510 1341 748 1380 vocabulum
784 1341 878 1377 item
912 1340 1072 1376 exulans
1107 1352 1128 1376 e
1165 1339 1329 1375 Lexicis.
1366 1337 1478 1374 Philo
1509 1335 1566 1372 De
1601 1332 1720 1375 telor.

274 1406 420 1438 constr.
453 1399 519 1440 57.
549 1397 590 1434 F.
614 1398 678 1438 58.
700 1396 745 1434 A.
773 1399 839 1437 61.
866 1395 910 1432 B.
938 1395 1041 1432 Hero
1062 1393 1326 1445 Belopoeicis,
1358 1392 1449 1434 135.
1481 1390 1527 1428 A.
1557 1391 1649 1431 139.
1670 1390 1716 1426 Α.

273 1457 346 1494 ubi
372 1456 534 1493 docetur
562 1465 637 1505 quo
663 1457 778 1502 pacto
807 1450 983 1488 construi
1014 1449 1177 1490 debean·
1225 1448 1340 1486 Unde
1371 1445 1530 1489 defendi
1553 1445 1718 1483 fortasse

274 1511 399 1564 possit
418 1510 614 1560 scriptura
634 1506 902 1558 χαλκέντονον.
960 1511 1000 1548 2.
1032 1503 1248 1553 Χάλκινος,
1277 1504 1303 1541 i.
1330 1517 1368 1555 q.
1389 1498 1551 1555 χάλκεος
1568 1506 1608 1538 et
1625 1497 1716 1552 χάλ-

275 1582 401 1616 κειος,
437 1579 587 1603 aereus,
646 1565 685 1600 S.
710 1562 955 1614 Epiphanius
988 1562 1040 1598 De
1069 1560 1260 1598 mensuris
1287 1565 1327 1597 et
1355 1559 1518 1610 ponder.
1544 1557 1594 1595 ΙΙ.
1622 1557 1717 1597 183.

277 1625 324 1662 D.
343 1619 450 1674 παροῖ
468 1619 757 1670 Ἀλεξανδρεῦσι
779 1615 826 1657 vc?
847 1613 1017 1672 ἀργύρια
1042 1618 1256 1656 καλοῦνται
1283 1611 1460 1666 χάλκινα.
1518 1612 1624 1651 Idem
1642 1611 1718 1648 ad.-

277 1679 462 1717 iectivum
491 1677 534 1714 in
558 1676 727 1713 editione
747 1675 888 1712 Rover.
918 1671 1075 1725 Iosephi
1103 1671 1236 1722 Antiq.
1258 1671 1345 1709 Iud.
1369 1673 1463 1713 261.
1487 1668 1534 1708 A.
1556 1669 1719 1708 δίκτυον

278 1731 393 1789 ἐλάτῃ
412 1731 596 1785 χάλκινον
617 1729 982 1782 περιπεπλεγμένον.
1039 1728 1115 1766 Sed
1134 1728 1228 1767 edit.
1245 1728 1503 1777 Havercamp.
1533 1723 1720 1763 emenda-

278 1792 359 1828 tius
386 1791 414 1827 I.
438 1790 531 1831 424.
561 1789 603 1826 D.
631 1783 745 1841 ἐλάτῃ
768 1786 934 1839 χαλκείᾳ.
992 1785 1049 1822 Ita
1074 1780 1257 1836 χάλκινος
1276 1783 1367 1821 ‘sola
1391 1782 1533 1820 nititur
1556 1782 1594 1820 S.
1619 1778 1720 1830 Epi-

246 1854 275 1887 c
287 1846 420 1898 phanii
439 1844 688 1891 auctoritate,
716 1855 814 1893 quae
833 1855 883 1879 ne
899 1843 984 1893 ipsa
1001 1840 1157 1891 quidem
1171 1852 1376 1891 permagna
1393 1838 1507 1876 estin
1523 1837 1601 1875 hoe
1617 1839 1723 1873 certe

282 1901 496 1953 opusculo,
536 1913 559 1936 a
593 1898 762 1936 librariis
801 1898 965 1935 mirifice
1002 1899 1229 1948 depravato.
1294 1897 1349 1937 3.·
1373 1889 1721 1944 Χαλκοτύμπανος,

282 1971 369 1993 acre
386 1970 534 1993 sonans
544 1985 555 2004 ‚
587 1955 691 2005 apud
711 1953 925 1991 Palladium
944 1953 1033 1991 Vita
1052 1954 1089 1989 S.
1109 1950 1263 1989 Ioannis
1285 1949 1481 2000 Chrysost.
1502 1951 1592 1990 106.
1611 1947 1659 1985 A.
1677 1945 1722 1983 in

280 2013 369 2050 loco
398 2012 466 2049 ubi
499 2011 683 2048 laudatur
708 2008 903 2047 Abraham
931 2007 1166 2060 patriarcha,
1194 2006 1300 2057 quod
1324 2006 1368 2043 in
1385 2003 1547 2043 'deserto
1565 2002 1723 2040 abditus

280 2080 409 2117 neque
435 2068 620 2103 Consules
643 2064 816 2116 hospitio
838 2064 1054 2116 exceperit,
1083 2075 1208 2113 neque
1236 2062 1354 2100 duces
1373 2073 1496 2111 neque
1519 2058 1615 2096 alios
1635 2070 1723 2094 ma-

282 2123 369 2174 gnis
398 2122 613 2159 honoribus
643 2122 868 2170 fungentes,
898 2116 998 2171 παρ’
1019 2116 1079 2166 οἷς
1107 2119 1222 2158 ἵπποι
1250 2118 1368 2169 κημῷ
1393 2112 1422 2168 ἦ
1446 2117 1594 2166 χαλινῷ
1616 2110 1722 2153 α’πο-

280 2179 526 2228 -στίλβοντες,
554 2173 582 2228 ἢ
606 2173 811 2229 σαράβαρα
833 2172 1157 2228 χαλκοτύμπανα,
1185 2168 1399 2225 πόῤῥωθεν
1423 2174 1497 2223 τῆς
1515 2169 1722 2223 ὑπερηφα-

284 2235 393 2279 νείας
421 2231 490 2272 τόν
518 2228 669 2271 κτύπον
695 2229 998 2286 ἅπερευγόμενα.
1053 2230 1144 2276 Quo
1172 2229 1261 2266 loco
1283 2223 1508 2281 σαρᾶβαρα,
1545 2225 1580 2264 si
1603 2224 1722 2262 modo

283 2289 402 2328 lectio
428 2301 543 2335 vera,
571 2301 653 2324 non
674 2288 839 2324 braccas
860 2287 1005 2325 dixeris
1030 2284 1266 2335 significare,
1295 2283 1398 2321 sicut
1418 2282 1533 2331 alibi,
1562 2281 1630 2319 sed
1645 2293 1723 2331 po-

283 2345 364 2382 tius
390 2344 695 2381 instrumentum
723 2343 937 2391 musicum,
966 2341 1075 2379 haud
1103 2339 1301 2388 absimile,
1331 2339 1493 2390 opinor,
1523 2335 1722 2389 cymbalis,

287 2400 367 2447 Qui
394 2399 428 2437 si
457 2404 513 2436 est
539 2411 658 2435 verus
682 2411 840 2446 sensus,
868 2399 960 2436 inde
980 2398 1137 2434 videtur
1159 2395 1292 2446 sequi,
1322 2395 1476 2432 saeculo
1504 2398 1614 2431 sexto
1640 2404 1724 2428 ma-

286 2457 470 2506 gistratus
485 2455 677 2491 Romanos
698 2453 882 2503 cymbalis
895 2454 1119 2502 aeribusque
1135 2451 1379 2502 crepantibus
1395 2450 1471 2487 iter
1482 2454 1550 2486 aut
1563 2447 1723 2485 omnino

286 2511 551 2562 proditionem
580 2509 624 2545 iu
651 2509 856 2559 publicum
882 2509 1039 2561 fecisse,
1070 2507 1177 2558 quod
1202 2519 1312 2544 nunc
1335 2506 1383 2544 de
1407 2506 1621 2544 Turcarum
1645 2515 1725 2554 po-

285 2566 486 2606 testatibus
507 2564 703 2603 scribitur.

395 2632 457 2670 Ad
480 2631 577 2670 haec
603 2630 814 2679 vocabula,
853 2630 1035 2678 omnino,
1072 2629 1235 2681 opinor,
1263 2641 1391 2675 nova,
1419 2625 1559 2664 addam
1581 2625 1725 2662 formas

254 2687 459 2726 Drariores
478 2688 554 2725 iam
576 2692 758 2724 notarum
775 2699 919 2724 vocum
939 2683 1296 2736 explicationesque
1317 2697 1339 2721 a
1354 2681 1522 2732 vulgatis
1540 2681 1726 2718 diversas.

287 2743 335 2780 In
354 2757 448 2793 quas
475 2741 603 2781 tamen
625 2755 704 2779 non
723 2742 848 2779 resero
877 2755 1012 2780 vocem
1041 2739 1260 2792 χάλκαννα,
1288 2739 1441 2790 saepius
1466 2737 1508 2774 in
1531 2734 1725 2787 glossariis

288 2797 472 2837 chemicis
500 2797 739 2852 medicisque
766 2811 858 2837 mss.
886 2797 1152 2837 Bibliothecae
1188 2798 1279 2847 Reg.
1308 2798 1601 2833 occurrentem:
1640 2802 1724 2828 eam
