1768 3034
311 141 378 187 26
795 148 996 193 LEONIS
1025 149 1261 193 DIACONI

99 262 133 292 Α.
150 261 193 291 Μ.
213 254 524 309 6469πιλημὲνην
553 251 679 299 οὖσαν
706 258 771 298 καὶ
799 256 1148 300 δυσαπόσπαστον.
1205 255 1286 300 ἐπεὶ
1317 258 1362 299 δὲ
1387 257 1439 300 τὰ
1467 264 1602 314 γεῖσα,
1639 254 1740 316 ᾗπερ

147 307 213 338 lud.
236 305 258 340 4
308 320 528 377 διώρυττον
549 324 587 365 οἱ
607 325 667 364 ἐπὶ
688 328 807 366 τοῦτο
829 325 1066 378 ταχθέντες,
1105 325 1271 379 ἕκκρεμῆ
1299 326 1366 366 καὶ
1383 322 1580 378 ὖπόκενα,
1618 325 1673 376 ὥς
1691 327 1739 370 τὸ

307 389 423 439 εἰκὸς,
446 389 732 445 ἐξειργάσαντο,
757 389 1017 446 ὀρθοστάδην
1037 388 1169 440 ξύλοις
1187 389 1423 447 ὖπήρειδον,
1459 392 1560 448 ὓλην
1589 410 1631 435 τε
1660 411 1736 435 τα-

300 458 436 514 χυδᾳῆ
469 459 535 498 καὶ
565 453 663 499 αὖον
700 457 964 512 συννήσαντες
1001 459 1066 499 καὶ
1096 463 1177 515 πῦρ
1214 459 1396 511 ἐνιέντες,
1434 464 1507 514 τῆς
1541 459 1736 516 διώρυχος

303 521 532 579 ὑπεξῄεσαν.
580 530 652 579 τῆς
682 526 725 566 δὲ
743 525 892 581 φλογὸς
912 525 1162 581 ἀναφθείσης
1180 528 1246 567 καὶ
1267 530 1346 569 τῶν
1366 526 1645 583 στηριγμάτων
1662 528 1768 571 εἶν-5

303 592 626 646 θρακωθέντων,
667 591 738 634 δύο
770 591 912 648 πύργοι
942 591 1044 646 ὁμοῦ
1064 598 1121 650 τῷ
1152 594 1328 651 διαμέσῳ
1350 593 1504 637 τούτων
1533 593 1738 650 δομήματι

303 663 375 699 τοῦ
397 660 548 711 τείχους
573 660 806 709 ἐξαπιναίως
826 660 1135 717 ἀπορραγέντες,
1172 659 1363 717 ὖφίζανόν
1390 678 1453 714 τε,
1491 664 1557 704 καὶ
1583 660 1736 705 ὖπωλί-

266 730 499 777 Βσθαινον,
536 728 603 767 καὶ
631 727 732 782 πρὸς
761 727 966 783 τοῦδαφος
987 728 1264 784 κατεφέροντο.
1322 729 1362 771 οἱ
1388 730 1432 771 δὲ
1458 732 1652 786 Κρῆτες,Ι
1676 735 1735 788 τῷ

303 797 425 848 καινῷ
447 797 518 834 τοῦ
541 791 744 849 ὁράματος
762 796 1070 849 θαμβηθέντες,
1109 795 1165 836 ἐπ’
1189 795 1320 850 ὀλίγον
1334 795 1483 852 χρόνον
1502 798 1575 852 τὴν
1599 796 1733 852 μάχην

303 859 520 911 ἐξέκλιναν,
558 865 615 917 τῷ
637 864 829 918 τεραστίῳ
859 863 1173 917 καταπλαγέντες
1192 863 1264 905 τόὕ
1285 862 1531 919 πράγματος.
1570 863 1635 907 εἶτ’
1658 860 1768 906 αἶα-13

303 930 375 975 θις
395 927 464 968 τὸν
486 932 558 981 τῆς
580 930 853 982 αἰχμαλωσίας
881 932 947 971 καὶ
975 931 1155 979 δουλείας
1176 928 1506 986 ὑπολογισάμενοι
1535 933 1730 984 κίνδυνον,

303 995 358 1042 εἷς
377 994 531 1050 ἀρραγῆ
552 995 774 1051 παράταξιν
794 999 1130 1053 συνηθροίζοντο,
1154 1000 1219 1039 καὶ
1239 998 1306 1040 διὰ
1326 1002 1407 1040 τῶν
1437 1000 1731 1055 κατεριπωθέν-

303 1077 384 1102 των
406 1066 543 1115 τειχῶν
570 1063 643 1117 τὴν
659 1061 880 1118 Ῥωμαϊκὴν
899 1067 1186 1117 διαβαίνουσαν
1204 1064 1392 1121 φάλαγγα
1407 1066 1733 1122 ἐρ’ῥωμενέστατα

302 1126 562 1182 ὑπεδέχοντο,
600 1133 814 1183 δαιμονίως
833 1149 873 1173 τε
893 1133 1191 1186 διηγωνίζοντο,
1224 1134 1311 1188 περὶ
1329 1133 1465 1186 ψυχὴν
1483 1132 1732 1176 κινδυνεύον-

91 1206 240 1241 F01,279
256 1218 283 1240 r.
305 1212 379 1244 τες.
428 1196 516 1252 ἄρτι
538 1198 582 1239 δὲ
603 1202 760 1240 πολλῶν
787 1199 1100 1254 ἀναιρεθέντων,
1139 1200 1219 1241 ἐπεὶ
1248 1199 1348 1255 πρὸς
1375 1198 1577 1256 τοσαύτην
1607 1201 1729 1243 ἀναν·
1741 1211 1768 1246 1ἔ

301 1262 542 1317 ταγώνιστον
572 1264 699 1321 ῥοπὴν
730 1265 803 1319 οὗχ
828 1264 909 1308 οἷοί
934 1283 975 1308 τε
1001 1262 1106 1320 ἦσαν
1137 1266 1503 1308 ἀντικαθίστασθαι
1539 1266 1728 1325 (ἔπέβρι-

301 1345 377 1371 σαν
407 1331 483 1386 γὰρ
515 1332 558 1372 αἱ
585 1330 770 1385 δυνάμεις
798 1332 985 1384 κατόπιν,
1023 1335 1089 1374 καὶ
1119 1333 1302 1387 ὠθισμὸς
1330 1333 1606 1384 ἀνυπόστατος
1632 1331 1726 1390 ἦν),

176 1405 217 1440 P.
239 1406 280 1440 16
301 1399 358 1446 εἷς
384 1399 515 1454 φυγὴν
544 1400 771 1453 τρέπονται,
804 1405 1030 1456 χωροῦντες
1058 1400 1125 1441 διὰ
1163 1405 1243 1442 τῶν
1277 1407 1509 1444 στενωπῶν·
1540 1401 1730 1456 Ῥωμαῖοι

297 1466 341 1506 δὲ
376 1464 609 1520 ἐφεπόμενοι
645 1465 813 1515 τούτους
842 1466 1016 1523 ἀνῄρουν
1048 1467 1232 1520 ἀνηλεῶς.
1301 1469 1339 1510 οἳ
1370 1470 1414 1510 δὲ
1453 1471 1727 1527 περιλειφθέν-

296 1548 359 1579 τες
376 1534 442 1572 καὶ
463 1531 583 1581 ὅσους
603 1533 676 1574 οὐκ
696 1534 805 1589 ἔφθη
829 1536 1039 1590 ἐκθερίζειν
1060 1533 1081 1576 ὃ
1101 1533 1295 1588 πόλεμος,
1333 1536 1385 1578 τὰ
1405 1534 1521 1578 ὅπλα
1535 1537 1768 1593 ρίψαντεςξ(Ι

294 1600 350 1646 εἷς
375 1599 539 1640 ἱκετείαν
567 1599 798 1655 ἐτράποντο.
847 1599 991 1657 {imp-ci
1011 1603 1235 1657 στρατηγὸς
1249 1602 1519 1656 θεασάμενος,
1557 1605 1629 1646 τὸν
1656 1606 1727 1646 ἳπ-

296 1682 371 1706 πον
391 1668 595 1722 κεντρίσας
614 1670 679 1708 καὶ
700 1668 769 1709 τὸν
789 1666 940 1724 δρόμον
962 1667 1198 1723 ἐπιταχύνας
1205 1702 1218 1722 ,
1257 1669 1466 1725 εἶσήλαυνέ
1490 1688 1530 1713 τε
1559 1673 1624 1713 καὶ
1645 1676 1728 1714 τῶν

296 1738 554 1789 στρατιωτῶν
582 1735 655 1787 τὴν
685 1733 813 1790 ὁρμὴν
840 1736 1065 1790 ἀνετείχιζε,
1100 1736 1159 1790 μὴ
1188 1739 1347 1780 κτείνειν
1375 1738 1606 1792 ἀναπείθων
1630 1738 1726 1788 τοὺς

386 1853 417 1884 1.
449 1854 595 1893 τοιγεῖσα
614 1851 685 1884 cod.
706 1863 771 1884 uno
794 1853 908 1886 verbo.
979 1871 981 1874 ⁴
1001 1854 1035 1888 6.
1059 1851 1238 1897 διαμὲσων
1258 1854 1332 1888 cod.
1399 1853 1454 1890 14.
1476 1855 1571 1889 Fort-
1590 1855 1722 1901 ψυχῆς.

382 1897 440 1930 23.
463 1896 556 1929 Fort.
579 1895 785 1940 ἅνεχοιίτιζε.
1505 1916 1509 1919 ’

295 2005 369 2028 sum
388 2005 429 2027 ac
449 1999 712 2039 coagmentatum
725 2021 735 2037 ‚
756 1997 918 2041 paulatim
943 1997 1141 2032 distrahere.
1187 1998 1339 2043 Fastigia
1358 1998 1444 2033 muri
1469 2010 1544 2033 cum
1568 1999 1722 2033 submissi

295 2040 442 2073 fossores
461 2041 602 2083 pendula
620 2047 721 2085 atque
746 2054 910 2083 concava,
934 2043 970 2075 id
998 2044 1088 2087 quod
1109 2055 1246 2077 necesse
1263 2049 1336 2078 erat
1355 2044 1528 2085 accidere,
1552 2044 1721 2078 reddidis-

295 2089 393 2125 sent,
414 2085 515 2128 lignis
535 2087 656 2120 erectis
681 2087 917 2128 suffulsemnt,
948 2088 1153 2132 materiaque
1178 2089 1279 2123 facile
1307 2089 1466 2133 flagranti
1495 2094 1598 2133 atque
1625 2090 1721 2124 arida

294 2129 448 2172 ingesta,
473 2130 529 2164 ubi
554 2131 664 2174 ignem
689 2131 928 2173 subdiderant,
951 2133 1101 2166 cuniculo
1129 2138 1354 2167 excesserunt.
1402 2134 1548 2167 Flamma
1572 2134 1720 2168 excitata

295 2185 368 2207 cum
395 2175 584 2208 fulcimenta
607 2177 874 2217 absumerentur,
897 2183 1008 2211 turres
1028 2177 1114 2211 duae
1138 2190 1210 2211 cum
1236 2190 1327 2212 muro
1358 2178 1552 2212 intermedio
1577 2183 1719 2224 repente

295 2219 448 2252 divulsae
466 2221 703 2261 subsederunt,
726 2222 889 2265 ruinaque
908 2223 1000 2256 edita
1024 2222 1061 2257 iu
1083 2228 1208 2256 terram
1232 2224 1364 2257 delatae
1391 2229 1477 2257 sunt.
1522 2224 1718 2264 Cretenses,

295 2264 447 2297 novitate
467 2266 650 2309 spectaculi
671 2267 871 2309 stupefacti,
895 2279 1071 2312 parumper
1099 2279 1243 2312 pugnam
1270 2268 1541 2309 declinaverunt,
1570 2268 1719 2312 prodigii

291 2308 495 2342 immanitate
511 2311 656 2343 attoniti.
703 2312 791 2344 'l'um
808 2323 922 2345 rursus
938 2313 1144 2357 captivitatis
1160 2313 1340 2357 periculum
1356 2325 1395 2347 ac
1417 2314 1590 2347 servitutis
1607 2313 1716 2347 animo

292 2354 499 2395 recolentes,
524 2355 710 2399 constipato
741 2357 872 2399 agmine
893 2357 998 2391 aciem
1024 2361 1225 2401 coegerpnt,
1249 2369 1377 2402 perque
1404 2370 1569 2392 murorum
1593 2358 1717 2391 rudera

291 2399 512 2432 Romanorum
530 2401 724 2444 phalangem
736 2402 970 2444 pervadentem
986 2402 1166 2435 fortissime
1183 2403 1401 2447 excipientes,
1423 2403 1601 2437 maioribus
1615 2413 1716 2447 quam

293 2455 354 2487 pro
380 2445 519 2477 humana
536 2445 660 2478 virtute
678 2445 793 2478 animis
814 2446 850 2478 in
869 2447 958 2480 vitae
975 2447 1162 2480 discrimine
1182 2448 1388 2481 dimicarunt.
1435 2449 1587 2482 Tandem
1601 2447 1715 2480 multis

293 2489 420 2528 caesis,
444 2501 516 2522 cum
531 2495 648 2523 contra
667 2494 735 2523 tam
751 2491 978 2524 vehementem
995 2492 1152 2536 impetum
1174 2492 1296 2526 diutius
1316 2493 1476 2528 resistere
1496 2504 1561 2526 non
1577 2495 1715 2536 possent

292 2534 491 2577 (ingruebat
510 2534 594 2568 enim
616 2535 667 2568 vis
688 2546 709 2568 a
734 2540 853 2579 tergo,
883 2537 1098 2580 impressione
1126 2549 1261 2581 prorsus
1279 2538 1515 2581 intolerabili),
1542 2538 1578 2570 in
1599 2537 1714 2580 fugam

294 2580 446 2612 conversi
463 2580 499 2613 in
513 2580 711 2624 angiportus
729 2592 765 2613 se
782 2580 992 2614 deiecerunt:
1017 2582 1157 2615 Romani
1174 2594 1253 2616 vero
1270 2583 1411 2616 insecuti
1430 2583 1504 2616 dire
1528 2594 1585 2616 eos
1605 2581 1715 2616 truci-

294 2622 428 2657 dabant.
474 2625 560 2658 Tum
577 2625 634 2668 qui
655 2625 815 2658 hactenus
833 2627 1033 2670 superstites
1048 2633 1162 2667 erant,
1186 2639 1225 2661 ac
1245 2632 1408 2672 quotquot
1425 2627 1544 2660 bellum
1567 2637 1632 2660 non
1654 2625 1716 2659 de-

294 2673 493 2710 messuerat,
518 2669 678 2714 proiectis
700 2669 799 2703 armis
823 2670 865 2703 ad
884 2682 1003 2715 preces
1026 2673 1262 2716 confugerunt.
1310 2673 1387 2712 Qua
1401 2684 1439 2706 re
1453 2672 1542 2712 visa,
1566 2674 1715 2715 praetor,

293 2711 478 2746 calcaribus
495 2726 582 2759 equo
599 2714 759 2755 subditis,
781 2715 948 2749 concitato
966 2728 1068 2750 cursu
1091 2717 1250 2761 oppidum
1266 2717 1370 2750 intrat
1394 2722 1429 2751 et
1449 2716 1585 2750 militum
1608 2715 1715 2767 impe-

294 2759 361 2791 tum
378 2758 537 2793 inhibuit:
560 2770 626 2794 nou
644 2771 719 2794 esse
733 2759 947 2795 trucidandos
962 2762 1127 2803 suadens,
1150 2762 1209 2807 qui
1233 2773 1325 2798 arma
1347 2760 1572 2802 abiecissent,
1593 2772 1655 2795 nec
1677 2770 1713 2793 m
