1748 3094
214 100 314 148 388
460 104 770 151 EXCERPTA
798 106 879 150 EX
909 105 1132 151 HISTOR.
1162 106 1401 153 ARABUM

327 209 375 249 In
401 208 586 249 Armenia
627 223 783 263 quoque
816 209 956 248 Graeci
984 209 1272 251 Malazcardam
1301 207 1346 265 *)
1373 211 1672 266 oppugnabam

222 279 279 317 Ut
308 278 447 330 paucis
483 277 747 330 complectar,
783 283 891 316 totus
918 277 988 316 ille
1014 284 1167 317 tractus
1195 276 1596 331 Syriae'maritimuffi
1631 287 1673 321 et

226 359 325 398 quae
361 346 469 384 circa
505 343 755 397 Euphraten,
794 344 982 396 patebant
1022 345 1262 385 Graecorum
1298 345 1475 395 libidini,
1513 347 1674 387 nemine

227 426 353 464 neque
371 412 524 452 hostem
547 418 728 463 arcente,
755 425 883 465 neque
900 419 1026 452 terras
1045 419 1202 465 tuente,
1230 413 1434 470 praesidiis
1458 421 1500 457 et
1514 423 1673 469 rectore

224 481 331 520 nuda
354 494 374 519 s
1034 519 1037 521 .

820 546 848 587 l.
864 547 895 588 l.
915 562 958 601 p.
979 547 1073 592 507.

338 614 444 652 Deus
465 618 597 652 tamen
616 613 777 653 afflictis
793 615 994 656 Muslemis
1017 615 1255 668 praesidium
1273 615 1408 657 aderat
1427 611 1468 657 et
1482 617 1672 660 liberator

227 695 249 721 e
277 682 400 719 tantis
439 681 638 732 angustiis.
706 682 780 721 Ille
810 683 914 722 enim
940 684 1026 736 ipse
1056 685 1254 722 Romanus
1280 684 1514 738 imperator,
1553 699 1672 738 quem

228 749 419 787 hactenus
436 748 480 786 in
505 748 772 788 Muslemicam
798 751 986 790 ditionem
1007 751 1102 789 adeo
1123 750 1357 790 saevientem
1374 752 1546 792 vidimus
1561 782 1573 802 ,
1601 753 1673 805 qui

229 829 299 869 spe
328 822 446 868 atque
475 817 662 870 cupidine
690 825 815 857 totam
844 818 997 871 Syriam
1026 818 1103 856 iam
1132 817 1409 869 devoraverat,
1437 819 1506 872 qui
1536 820 1672 860 orbem

152 925 154 927 ,
226 885 383 923 fidelem
406 890 556 923 terrore
582 886 642 924 sui
671 886 957 938 compleverat,
988 885 1068 924 hoc
1089 885 1175 937 ipso
1199 898 1302 923 anno
1328 886 1579 926 muliebribus
1602 887 1671 926 in-

227 952 336 990 sidiis
354 950 554 990 occubuit.
611 952 706 991 Erat
730 953 799 991 ille
812 952 1078 1004 Nicephorus,
1107 951 1176 1003 qui
1200 951 1354 991 sublato
1376 953 1578 993 decessore
1598 967 1673 993 suo

227 1032 340 1069 rege,
368 1031 534 1056 uxorem
558 1019 640 1059 eius
658 1020 701 1058 in
722 1019 1014 1058 matrimonium
1036 1020 1207 1057 duxerat
1225 1019 1347 1072 stirpe
1371 1026 1482 1059 ortus
1503 1034 1587 1059 non
1604 1033 1675 1060 re·-

227 1086 309 1137 gia,
338 1084 459 1137 idque
478 1085 607 1123 animo
634 1086 825 1137 agitabat,
855 1092 900 1124 ut
918 1086 1133 1138 superioris
1158 1085 1267 1124 thori
1291 1087 1501 1125 masculam
1518 1087 1674 1140 prolem

228 1159 452 1202 exsecaret,
478 1166 557 1204 quo
577 1167 669 1192 suae
684 1155 830 1205 regiam
848 1153 1076 1204 dignitatem
1094 1158 1323 1205 perpetuam
1339 1150 1538 1194 assereret.
1594 1154 1674 1194 Sed

227 1221 435 1272 indignum
458 1227 496 1258 et
516 1219 761 1259 intolerabile
780 1220 931 1258 facinus
950 1221 1139 1259 detestata
1158 1226 1198 1258 et
1212 1220 1403 1273 impedire
1423 1221 1554 1260 nitens
1570 1234 1673 1274 pue-

228 1302 364 1328 rorum
384 1294 510 1326 mater
531 1287 779 1338 conspirabat
804 1301 894 1326 cum
914 1288 1133 1326 Domestico
1153 1287 1197 1325 in
1217 1287 1294 1326 viri
1313 1289 1490 1339 caedem,
1519 1294 1672 1328 structo

229 1357 273 1395 in
289 1356 397 1394 hunc
423 1355 584 1394 modum
612 1355 716 1393 dolo.
774 1355 960 1394 Conscios
971 1386 982 1405 ,
1017 1355 1278 1394 Domesticum
1297 1362 1394 1408 puta
1414 1363 1454 1395 et
1473 1355 1555 1394 eius
1569 1356 1672 1395 ami-

230 1438 319 1472 cos,
348 1422 485 1460 habitu
509 1422 692 1460 muliebri
721 1422 979 1472 deformatos,
1009 1422 1058 1460 de
1079 1428 1196 1460 nocte
1220 1423 1264 1460 in
1284 1423 1472 1461 sacellum
1498 1423 1670 1476 aliquod,

229 1490 442 1542 Nicephori
481 1489 659 1527 cubiculo
687 1489 937 1540 proximum,
970 1489 1265 1539 introducebat3
1307 1496 1346 1527 et
1371 1495 1542 1541 tyranno
1570 1505 1672 1543 pro-

231 1559 399 1598 fundum
421 1562 627 1605 stertente,
666 1556 895 1607 foribusque
927 1556 1136 1606 obseratis,
1170 1556 1257 1608 ipsa
1291 1570 1450 1607 surgens
1482 1570 1555 1609 per
1584 1571 1669 1596 eam

229 1627 430 1679 portulam
453 1623 742 1662 intromittebat
762 1636 1029 1674 percussores,
1056 1637 1129 1675 per
1152 1637 1269 1675 quam
1288 1637 1309 1661 e
1333 1624 1512 1662 cubiculo
1537 1625 1669 1665 aditus

231 1694 280 1731 ad
309 1692 495 1730 sacellum
511 1690 685 1743 patebat.
730 1690 865 1742 Itaque
896 1704 1095 1742 aggressus
1127 1690 1384 1729 dormientem
1401 1691 1670 1746 Nicephorum

229 1758 438 1811 iugulabat¹
452 1759 706 1807 Dmnesficus,
737 1758 831 1796 deus
849 1765 977 1797 autem
995 1758 1078 1797 eius
1097 1758 1314 1796 ministerio
1336 1745 1503 1810 quietem
1519 1761 1668 1813 populo

230 1841 298 1865 suo
328 1842 348 1864 a
369 1826 645 1865 molestissimo
666 1832 854 1864 vexatore
879 1826 1113 1878 praestabat.
1169 1825 1414 1864 Domesticus
1431 1826 1523 1865 inde
1544 1841 1669 1866 unum

229 1908 280 1932 ex
298 1893 560 1946 Irnperatricis
580 1893 697 1943 filiis,
724 1908 744 1932 e
760 1883 895 1946 *priore
913 1893 1186 1943 matrimonio,
1217 1899 1256 1931 et
1282 1892 1454 1944 genuino
1481 1894 1670 1946 sanguine

230 1961 337 2011 regio
366 1967 560 2010 creatum,
597 1963 819 2012 Augustum
851 1961 1117 2013 nuncupabat.
1182 1960 1239 1998 De
1268 1966 1396 1998 cetero
1425 1961 1668 2000 Domesticus

230 2026 263 2063 is
290 2028 533 2078 appellatur,
563 2028 631 2079 qui
654 2028 855 2078 regionum
881 2027 1186 2079 Byzantinarum
1216 2028 1272 2066 cis
1294 2027 1595 2080 Hellespontum
1622 2027 1668 2066 in

229 2093 419 2131 orientem
439 2101 711 2146 porrectarum
733 2109 866 2134 curam
885 2095 996 2146 gerit.

822 2163 849 2203 l.
868 2163 896 2200 l.
919 2177 959 2214 p.
977 2163 1069 2205 511.

335 2225 451 2264 Anno
474 2228 656 2267 CCCLXI
679 2230 767 2280 (qui
796 2229 859 2268 die
882 2232 936 2273 23
966 2230 1053 2267 Oet.
1081 2227 1127 2267 A.
1154 2227 1246 2269 Chr.
1276 2232 1358 2272 971
1382 2227 1530 2281 coepit)
1550 2228 1666 2268 inva-

227 2290 371 2330 debant
394 2293 534 2332 Graeci
562 2296 753 2347 Djeziram
786 2296 828 2342 (i.
856 2310 889 2335 e.
915 2292 1249 2350 Mesopotamiam)
1279 2295 1484 2346 Edessam,
1512 2295 1666 2335 Nisibi-

224 2373 339 2409 nam,
369 2360 628 2412 caedibusque
647 2354 929 2412 'grassabantur
948 2370 986 2401 et
1002 2363 1169 2415 rapinis;
1199 2369 1337 2402 contra
1354 2353 1450 2415 quos
1469 2363 1667 2401 auxilium

225 2427 478 2479 implorantes
499 2428 726 2478 Bagdadum
753 2430 1004 2468 confluebant
1028 2436 1203 2468 extorres
1224 2429 1420 2470 Muslemi.
1477 2429 1596 2477 Quod
1617 2428 1664 2466 in

269 2536 304 2580 ⁴)
327 2535 563 2571 Malazcardae
585 2538 864 2582 oppugnationem
883 2538 1077 2573 Elmacinus
1102 2550 1136 2583 p.
1158 2540 1226 2574 280
1249 2539 1292 2574 ad
1317 2550 1437 2574 annum
1454 2539 1523 2575 353
1543 2538 1662 2572 refert.

310 2583 399 2616 Nam
415 2582 504 2626 quod
524 2582 573 2616 ibi
592 2582 644 2616 bis
658 2582 784 2627 legitur
802 2585 899 2628 regio
921 2585 1076 2626 Kenios,
1099 2584 1254 2618 vitiosum
1271 2590 1324 2620 est
1338 2590 1374 2619 et
1389 2584 1582 2618 Mahzenrd
1606 2594 1664 2617 re-

310 2629 509 2670 ponendum.
555 2627 658 2661 Forte
676 2628 845 2662 conciliari
863 2629 995 2673 possint
1022 2630 1058 2663 hi
1086 2629 1153 2663 duo
1174 2635 1351 2672 auctores,
1373 2629 1404 2662 si
1429 2629 1522 2662 dicas
1536 2627 1662 2662 Romu-

310 2682 371 2704 nos
386 2673 472 2705 hanc
486 2683 615 2713 arcem,
641 2684 739 2718 quam
759 2685 844 2707 anno
862 2675 928 2710 353
950 2679 1129 2720 ceperant,
1153 2675 1313 2722 deinceps
1339 2674 1509 2716 amisisse,
1532 2677 1568 2707 et
1595 2674 1662 2709 hoe

308 2715 436 2752 demum
453 2729 571 2756 rursus
589 2729 818 2764 recuperasse.
842 2719 885 2753 R.
1018 2734 1021 2735 ⁷
