1748 3094
402 193 481 237 AD
507 192 878 236 NICEPHORUM
903 192 1155 236 PHOCAM.
1402 186 1500 233 357

71 292 271 347 precibus,
302 299 350 333 ut
366 307 508 333 munus
527 307 656 332 meum
668 324 681 344 ‚
711 293 817 345 quod
843 306 956 346 saepe
971 300 1197 347 aspernatus
1217 301 1319 346 erat,
1349 295 1496 347 digna-

70 367 182 400 retur
204 360 392 412 accipere.
446 360 718 399 Residentibus
744 360 875 411 itaque
898 359 1012 399 nobis
1034 361 1084 399 ad
1102 373 1273 400 mensam
1291 362 1374 401 sine
1392 362 1495 413 lati-

69 426 208 464 tudine
231 426 386 477 longam
419 427 582 478 pallingi
617 426 676 475 ²⁸)
710 427 917 466 latitudine
953 433 1120 477 rectam,
1156 427 1401 478 longitndine
1429 439 1496 468 se*-

67 492 288 542 minudam,
323 505 373 531 ex
399 493 586 542 Francis,
622 505 700 544 quo
723 494 880 532 nomine
907 500 988 532 tam
1025 493 1203 544 Latinos,
1241 508 1359 547 qnam
1387 495 1499 534 Teu-
1521 502 1562 535 Ρ.
1583 499 1655 536 484

67 565 179 598 tones
210 557 527 612 comprehendit,
555 558 694 597 ludum
719 560 874 598 habuit:
909 558 1138 611 rogavitque
1162 573 1245 611 me,
1278 567 1326 600 ut
1349 574 1428 613 quo
1454 562 1498 599 in
1522 547 1595 581 0⁰¹·
1620 549 1639 582 ¹

68 626 156 664 loco
195 626 452 678 Episcopatus
491 625 569 663 mei
605 625 741 664 civitas
773 633 892 676 esset,
930 639 1056 676 quove
1093 627 1253 667 nomine
1286 629 1496 677 frueretur,

66 692 270 732 edicerem.
344 692 418 730 eui
452 693 662 742 Cremona,
697 692 876 743 inquam,
913 694 1085 733 Eridano
1118 695 1331 734 fluviorum
1364 695 1496 733 Italiae

63 758 160 810 Regi
185 758 279 797 satis
301 758 430 797 vicina
438 771 451 805 ς
490 764 528 797 et
553 759 644 810 quia
669 758 877 811 Imperium
902 765 1014 800 tuum
1037 761 1237 800 chelandia
1264 774 1310 799 eo
1342 760 1497 801 mittere

63 830 264 878 properat,
290 824 415 876 prosit
431 824 528 863 mihi
545 831 585 863 te
606 824 760 874 vidisse,
777 825 900 876 prosit
919 829 1133 879 agnovisse,
1163 831 1211 869 da
1228 841 1365 880 pacem
1386 828 1492 876 loco,

0 895 1 910 ³
64 898 111 930 ut
125 904 199 942 per
208 896 246 929 te
256 890 390 929 saltem
397 891 520 943 possit
535 891 755 940 subsistere,
784 891 852 942 qui
868 892 940 931 tibi
951 908 1031 933 non
1046 902 1176 947 potest
1190 895 1380 934 resistere.
1413 893 1490 932 Sed

62 957 170 996 vafer
184 956 252 995 ille
266 956 363 995 haec
381 958 590 1010 εἰρωνικῶς
607 970 667 996 me
678 956 821 996 dixisse
833 961 1028 1009 cognovit,
1047 961 1312 1012 submissoque
1322 961 1436 999 vultu
1446 973 1488 998 se

62 1023 117 1061 ita
136 1023 331 1062 facturum
347 1023 540 1075 promisit,
558 1023 776 1076 iuravitque
790 1025 888 1064 mihi
904 1040 974 1078 per
988 1028 1121 1066 Sancti
1138 1027 1199 1066 sui
1214 1027 1400 1066 virtutem
1411 1027 1488 1064 lm-

61 1089 185 1142 perii‚
211 1089 270 1128 nil
289 1102 350 1127 me
370 1089 462 1127 mali
485 1102 688 1141 passurum
696 1122 708 1141 ,
737 1093 805 1131 sed
829 1106 1018 1146 prospere
1045 1094 1125 1133 suis
1156 1108 1244 1133 cum
1274 1093 1485 1141 chelandiis

61 1169 184 1208 usque
199 1155 244 1194 in
256 1155 545 1194 Anconitanum
564 1164 722 1208 portum
737 1159 815 1197 cito
831 1166 1107 1211 perventurum
1116 1175 1128 1210 ;
1157 1166 1194 1198 et
1208 1159 1304 1198 mihi
1315 1160 1356 1198 id
1371 1166 1486 1198 tunso

62 1220 194 1274 ‹li'gitis
212 1227 372 1275 pectore
390 1221 546 1261 iuravit.
599 1223 741 1263 Verum
763 1239 878 1276 quam
897 1226 1015 1279 impie
1035 1226 1285 1279 peieraverit,
1313 1225 1521 1266 animad-B

60 1289 215 1329 vertite.
271 1287 374 1326 Haec
398 1294 504 1338 acta,
532 1289 629 1328 haec
649 1290 754 1329 dicta
770 1298 863 1330 sunt
889 1291 1039 1330 decimo
1056 1292 1171 1330 tertio
1192 1292 1383 1330 Kalendas
1398 1293 1485 1330 Au-

59 1355 186 1407 gusti,
214 1353 385 1394 secunda
408 1355 526 1405 seria,
554 1370 632 1407 quo
658 1370 707 1395 ex
736 1358 798 1396 die
822 1371 945 1409 usque
966 1357 1011 1396 in
1034 1371 1181 1396 nonum
1202 1358 1484 1410 stipendiorum

58 1421 161 1461 nihil
190 1420 238 1459 sb
265 1433 311 1459 eo
334 1421 488 1473 recepi,
526 1435 616 1460 cum
641 1429 749 1461 tanta
774 1429 872 1462 esset
895 1425 1229 1476 Constantinopoli
1255 1426 1399 1475 sames,
1435 1430 1483 1462 nt

58 1485 200 1538 viginti
228 1486 399 1538 quinque
423 1489 585 1528 asseclas
608 1503 736 1540 meos,
764 1497 802 1529 et
830 1497 1002 1541 quatuor,
1017 1491 1197 1529 custodes
1219 1491 1386 1529 Graecos
1406 1491 1481 1528 tri-

57 1554 129 1592 bus
144 1552 353 1592 aureisnna
362 1567 479 1592 coena
490 1557 691 1608 nequirem
708 1556 878 1596 reficere.
914 1558 1062 1606 Quarta
1080 1558 1175 1596 feria
1191 1557 1314 1610 ipsius
1331 1556 1479 1595 hebdo-

57 1619 190 1658 madae
209 1619 451 1671 Nicephorns
478 1623 854 1675 Constantinopolim
873 1625 1088 1676 egreditur,
1119 1624 1159 1662 in
1179 1624 1359 1675 Assyrios
1385 1637 1479 1675 pro-

55 1688 258 1742 fecturus..
297 1686 440 1734 Quinta
461 1688 554 1726 feria
581 1690 701 1728 frater
721 1703 815 1727 suus
834 1703 895 1728 me
913 1690 1138 1739 accersivit,
1169 1703 1282 1741 quem
1302 1690 1358 1727 ita
1385 1702 1477 1727 con-

55 1753 175 1792 venit.
240 1754 383 1791 Sancto
410 1753 644 1805 Imperatore
675 1757 906 1807 praemisse,
944 1757 1049 1795 domi
1073 1756 1190 1794 hodie
1215 1755 1477 1807 dispositionis

56 1818 230 1857 eiusdem
261 1831 375 1856 cansa
406 1819 560 1857 substiti
570 1835 581 1869 3
616 1835 724 1860 nunc
751 1823 784 1860 si
813 1828 852 1860 te
880 1824 1063 1860 Sanctum
1092 1822 1367 1873 Imperatorem
1407 1821 1473 1860 vi-

56 1885 168 1924 sendi
187 1885 420 1924 desiderium
439 1886 608 1935 obtinet,
637 1895 675 1926 et
690 1889 722 1926 si
746 1889 973 1939 quidquam,
1000 1886 1105 1937 quod
1132 1900 1206 1924 nec
1223 1888 1316 1926 dum
1334 1886 1475 1939 prodi-

55 1951 158 1991 deris
176 1951 304 2000 habes,
316 1952 495 1992 edissere.
535 1954 606 1991 Cui
623 1954 801 2006 inquam:
820 1956 899 1992 Nec
917 1955 1102 1991 Sanctum
1112 1953 1386 2004 Imperatorem
1403 1953 1466 1993 vi-
1478 1961 1509 1994 C

55 2018 172 2057 dendi
184 2048 196 2067 ,
224 2032 296 2057 nec
315 2018 373 2057 rei
391 2032 516 2057 novae
533 2021 749 2060 narrandae
772 2021 893 2060 habeo
912 2033 1087 2068 causam,
1116 2033 1238 2058 uuum
1265 2020 1341 2059 hoc
1366 2026 1469 2072 peto,

54 2085 264 2124 secundum
281 2085 413 2123 Sancti
433 2085 587 2137 Imperii
610 2088 926 2139 promissionem,
961 2092 1008 2125 ut
1029 2086 1240 2125 chelandiis
1265 2088 1309 2125 in
1337 2086 1470 2125 Anco-

54 2151 231 2189 nitanum
260 2157 419 2202 portum
446 2166 571 2203 usque
599 2154 780 2196 deducar.
847 2154 935 2202 Quo
967 2154 1099 2192 audito
1130 2154 1190 2203 (ut
1214 2159 1305 2191 sunt
1333 2151 1472 2189 Graeci

53 2230 127 2269 per
143 2223 260 2269 caput
274 2219 433 2258 alterius
453 2233 602 2271 semper
617 2221 745 2259 iurare
770 2221 912 2273 parati)
939 2233 1009 2271 per
1025 2219 1319 2271 Imperatorium
1337 2224 1470 2269 capnt,

55 2297 127 2335 per
145 2283 263 2322 vitam
282 2286 493 2336 propriam,
518 2300 590 2337 per
607 2286 772 2336 liberos,
802 2301 898 2338 quos
917 2287 1019 2324 Deus
1036 2286 1088 2323 ita
1099 2314 1112 2335 ,
1139 2292 1184 2325 ut
1200 2298 1334 2324 verum
1353 2283 1468 2330 dixit,
1484 2329 1489 2331 „

55 2356 280 2398 conservet,
309 2364 348 2388 se
364 2351 406 2388 id
426 2353 704 2403 completurum
730 2354 858 2391 iurare
882 2353 1024 2403 coepit.
1080 2352 1152 2390 Cui
1174 2366 1261 2391 cnm
1284 2349 1466 2402 quando?

55 2416 244 2464 dicerem,
273 2430 365 2453 mox
384 2415 623 2467 discedente,
653 2420 794 2470 inquit,
828 2420 1079 2470 Imperatore:
1107 2417 1331 2467 Delongaris
1351 2415 1466 2460 enim,

54 2482 125 2520 sub
156 2482 266 2520 cuius
298 2495 415 2520 manu
443 2484 601 2522 navium
630 2491 688 2522 est
716 2485 842 2522 omnis
876 2490 1067 2537 potestas,
1095 2484 1299 2523 recedente
1319 2483 1460 2518 Sancto

54 2549 310 2599 Imperatore,
339 2561 471 2586 curam
498 2550 557 2587 tui
581 2557 679 2601 aget.
733 2551 816 2589 Hac
838 2564 905 2603 spe
926 2551 1172 2598 ludificatus,
1197 2550 1318 2587 laetus
1342 2537 1391 2582 ab¹
1417 2556 1462 2581 eo

52 2614 207 2653 recessi.
248 2615 342 2652 Post
356 2621 577 2667 sequentem
594 2630 687 2656 vero
702 2618 816 2668 diem,
838 2617 995 2656 sabbato
1015 2618 1175 2665 scilicet,
1194 2615 1237 2652 in
1253 2610 1504 2656 Umbriam,1>

97 2743 160 2787 28)
183 2743 274 2778 Alias
294 2745 381 2788 palii
401 2744 456 2778 vei
474 2745 593 2788 palmi.
623 2745 720 2780 Can.
