1768 3034
262 124 326 170 76
752 132 953 177 LEONIS
980 134 1194 178 DIACON
1196 134 1215 176 1

46 246 81 277 A.
100 245 143 276 Μ.
162 242 250 279 6477
262 253 332 278 του
361 237 426 278 καὶ
450 235 715 291 ἄσεβεστὰτου
736 238 923 293 ΖΡΙωάμεδ
943 241 1056 296 ξίφος
1076 242 1207 295 δῶρον
1226 240 1455 294 ἐξέπεμπεν,
1493 240 1587 298 ὅπερ
1607 241 1680 284 λά-

89 291 155 322 lnd.
173 290 216 324 ¹2
260 321 390 359 φυρον
415 304 457 346 ἔκ
477 321 582 354 τινος
608 310 688 347 τῶν
714 307 815 348 κατὰ
834 309 1109 361 Παλαιστίνην
1139 305 1316 349 ἁλόντων
1345 310 1546 365 φρουρίων
1575 309 1679 351 ἀνεί-

222 374 384 426 Βληφε,
422 373 487 412 καὶ
515 371 584 413 τὸν
601 375 823 428 Πατρίκιον
851 373 973 429 ἐξῄτει
991 372 1193 428 Νικήταν,
1233 373 1277 415 ὃν
1298 375 1443 429 συνέβη
1466 376 1511 417 τὸ
1537 373 1679 431 πρότε-

256 454 328 493 ρον
361 438 400 479 ἐν
427 442 485 495 τῷ
520 440 606 494 περὶ
632 442 812 481 Σικελίαν
839 445 919 482 τῶν
943 439 1147 494 Ῥωμαίων
1173 443 1392 494 πταίσματι
1424 440 1679 498 δορυάλωτον

253 505 463 560 ληφθέντα
478 537 489 554 ,
526 510 584 562 τῷ
604 505 771 564 τοιούτῳ
790 511 870 548 τῶν
880 507 1043 563 Ἄφρων
1062 512 1407 564 παραπεμφθῆναι
1425 507 1674 564 κατάρχοντι,
1688 521 1710 555 5

254 569 310 619 ὥς
340 569 361 612 ὅ
391 570 507 626 λόγος
530 571 714 625 ἐδήλωσε.
762 573 829 616 διὰ
854 573 1099 630 γραμμάτων
1129 570 1200 616 οὖν
1232 575 1491 629 ἐπέσκηπτεν,
1530 574 1606 627 ὥς,
1644 578 1678 617 εἷ

254 636 440 693 ἐνδοιάσῃ
470 638 570 693 πρὸς
596 639 669 693 τὴν
696 646 766 682 τοῦ
794 643 1018 697 Πατρικίου
1049 640 1263 693 ἀπόδοσιν,
1312 644 1379 683 καὶ
1411 642 1483 684 οὐκ
1510 643 1676 696 ἐξαυτῆς

256 708 400 746 τοῦτον
420 703 559 758 ἀνήσοι
579 723 620 747 τε
647 711 727 748 τῶν
753 710 937 761 δεσμῶν,
974 709 1039 749 καὶ
1062 706 1116 757 ὥς
1143 708 1265 750 αὐτὸν
1291 709 1564 764 παραπέμψῃ,
1600 707 1675 750 πό-

256 775 376 824 λεμον
395 771 617 827 ἀκήρυκτον
636 773 719 827 ἤτω
737 778 988 829 προσδοκῶν,
1027 777 1092 816 καὶ
1120 779 1254 816 πᾶσαν
1275 775 1347 829 τὴν
1372 775 1495 817 αὐτοῦ
1514 774 1676 832 ἐπικρά-

254 855 363 879 τειαν
399 838 698 895 ἇνεκτριβῆναι,
744 848 828 889 τοῖς
850 840 1083 895 Ῥωμαϊκοῖς
1122 842 1357 896 δηϊουμένην
1390 841 1671 897 στρατεύμασι.
1688 856 1730 890 10

254 912 343 953 ταῖς
371 904 573 954 τοιαύταις
601 902 672 948 οὗν
701 906 723 949 ὃ
745 907 1023 964 Καρχηδόνιος
1043 909 1347 962 ἐκδειματωθεὶς
1367 909 1582 963 ἀγγελίαις,
1620 907 1676 958 ὥς

255 970 393 1020 ἄλλαις
418 975 518 1025 τισὶ,
552 974 655 1015 κατὰ
676 975 748 1029 τὴν
766 977 1005 1030 παροιμιάν,
1044 976 1122 1017 ἀπὸ
1141 980 1317 1017 Σκυθῶν
1342 974 1500 1032 ῥήσεσι,
1537 974 1608 1017 τόν
1632 993 1674 1018 τε

217 1040 479 1094 ΟΠατρίκιον
496 1037 676 1094 Νικήταν
695 1044 761 1083 καὶ
779 1043 872 1091 τούς
891 1042 963 1084 σὺν
988 1042 1097 1099 αὐτῷ
1123 1043 1353 1098 ληφθέντας
1377 1040 1670 1098 δορυαλώτους,

251 1107 318 1146 καὶ
347 1104 467 1155 ὅσους
482 1105 685 1159 Ῥωμαίων
705 1109 748 1150 ἐκ
768 1108 973 1165 διαφόρων
988 1108 1132 1164 χώρων
1153 1111 1193 1150 ἐν
1215 1109 1384 1164 εἱρκταῖς
1401 1108 1573 1163 πεδήτας
1592 1127 1671 1150 πα-

249 1180 477 1228 ρακατεῖχε,
525 1176 655 1230 δῶρον
692 1180 749 1232 τῷ
783 1180 944 1229 βασιλεῖ
961 1174 1184 1232 Νικηφόρῳ
1218 1176 1425 1229 ἐξέπεμπε·
1479 1177 1568 1225 δέος
1593 1176 1669 1232 γὰρ
1683 1188 1725 1223 15

246 1239 370 1281 αὐτὸν
393 1239 589 1295 ὗπεισῄει,
628 1242 881 1298 ἐκστρατείαν
911 1244 976 1283 καὶ
997 1242 1165 1284 ἔκπλουν
1192 1241 1337 1284 τούτου
1370 1242 1666 1296 ἐνωτισάμενον.

243 1306 290 1347 τὸ
311 1306 386 1362 γὰρ
407 1306 728 1362 ἀκαταγώνιστον
746 1314 818 1351 τοῦ
838 1309 996 1364 ἀνδρὸς,
1034 1309 1107 1350 κάν
1123 1315 1211 1356 ταΐς
1228 1308 1376 1362 μάχαις
1392 1308 1669 1352 ἀνυπόστατον

243 1374 308 1413 καὶ
331 1372 570 1429 ἀπρόσιτον,
609 1377 675 1416 καὶ
698 1375 804 1424 ὅπως
825 1376 994 1424 εὐπετῶς
1020 1376 1066 1417 τὸ
1099 1375 1313 1417 ἀντίπαλον
1340 1375 1447 1417 ἅπαν
1469 1374 1524 1425 ὥς
1544 1376 1587 1418 ἐκ
1607 1394 1667 1418 τι-

242 1457 311 1488 νος
330 1442 446 1489 θείας
462 1440 589 1496 ῥοπῆς
607 1442 786 1490 εὗείκτως
803 1443 1111 1498 κατεστρέφετο,
1148 1440 1334 1497 ἴφριττόν
1353 1460 1394 1484 τε
1415 1442 1547 1485 πάντα
1565 1443 1666 1498 ἔθνη

121 1508 161 1544 P.
180 1507 224 1545 47
249 1508 314 1547 καὶ
337 1506 603 1561 ἐτεθήπεσαν,
643 1511 708 1549 καὶ
739 1509 786 1550 οὗ
808 1509 994 1556 πολέμιον
1015 1509 1134 1562 ἔχειν,
1173 1509 1275 1550 ἀλλὰ
1301 1511 1420 1564 φίλον
1436 1513 1501 1551 καὶ
1522 1509 1721 1552 §sonci-20

30 1578 101 1609 Ful.
120 1578 188 1612 293
214 1589 240 1610 r·
254 1590 325 1627 την
349 1574 567 1628 ἠπείγοντο.
616 1574 721 1617 οὕτω
749 1577 822 1628 μὲν
851 1575 900 1628 δὴ
923 1574 1181 1633 ὃῖΠατρίκιος
1198 1575 1378 1630 Νικήτας
1396 1578 1461 1618 καὶ
1482 1578 1520 1619 οἶ
1537 1579 1668 1619 λοιποὶ

244 1645 325 1681 τῶν
337 1639 541 1693 Ῥωμαίων
559 1641 802 1695 αἶχμάλωτοι
822 1647 901 1684 τῶν
920 1644 1075 1695 δεσμῶν
1093 1642 1306 1697 ῥυσθέντες
1322 1645 1386 1684 καὶ
1406 1646 1477 1697 τῆς
1494 1645 1661 1700 εἱρκτῆς,

244 1707 344 1763 πρὸς
362 1707 407 1748 τὸ
438 1706 657 1759 Βυζάντιον
687 1708 918 1766 ἐπανῄεσαν.
966 1707 986 1750 ὃ
1017 1710 1061 1752 δὲ
1085 1709 1272 1762 βασιλεὺς
1290 1709 1524 1767 Νικηφόρος
1551 1709 1663 1765 ἥσθη

332 1825 367 1857 8.
398 1821 537 1868 οἷνήσοι,
575 1825 634 1858 Sic
650 1826 731 1880 τ(ιοᾱ.
760 1825 855 1859 Fort.
875 1823 954 1870 ἀνῇ.
1053 1829 1086 1862 9.
1123 1823 1210 1870 ἤτω.
1259 1825 1318 1860 Sic
1346 1826 1421 1860 cod.
1445 1827 1660 1872 imperative:

333 1868 421 1901 verti
435 1880 474 1903 ac
493 1869 521 1900 si
537 1876 626 1903 esset
641 1883 718 1914 ητο.
810 1873 864 1906 12.
895 1868 968 1905 ἀπὸ
986 1872 1147 1906 Σκυθῶν
1164 1869 1296 1916 ῥήσεσι.
1328 1872 1406 1905 Vid.
1422 1883 1523 1917 supra
1537 1873 1593 1908 28.
1617 1874 1658 1907 A.

239 1967 439 2003 Moamethis
452 1968 596 2010 gladium
613 1969 712 2009 misit,
730 1980 825 2013 quem
844 1981 904 2014 pro
918 1971 1080 2004 manubiis
1102 1983 1144 2005 ex
1163 1972 1275 2015 aliquo
1293 1974 1466 2015 captorum
1487 1971 1523 2004 in
1540 1971 1660 2005 Palae-

239 2013 330 2046 stina
356 2012 564 2045 castellorum
589 2014 781 2047 abstulerat.
826 2016 931 2048 Simul
952 2016 1107 2049 Nicetam
1132 2017 1309 2060 patricium
1331 2017 1467 2060 repetit,
1488 2016 1542 2049 cui
1565 2017 1661 2060 prius

239 2057 447 2100 contigerat,
470 2061 508 2090 ut
530 2057 565 2090 in
586 2058 752 2092 Siciliensi
768 2060 985 2094 Romanorum
1005 2061 1098 2094 clade
1120 2061 1271 2104 captivus
1288 2061 1395 2094 factus
1412 2061 1490 2093 huic
1506 2061 1660 2094 Afrorum

237 2101 383 2146 principi
399 2102 695 2144 transmitteretur,
719 2104 807 2137 sicut
828 2106 974 2138 narratio
996 2105 1198 2148 significavit
1219 2110 1350 2138 nostrae·
1386 2105 1524 2138 Litteris
1550 2111 1658 2138 autem

237 2146 427 2186 denunciat,
443 2146 472 2178 si
487 2152 699 2180 cunctaretur
714 2149 891 2192 patricium
905 2151 1091 2190 restituere,
1105 2161 1211 2193 neque
1228 2149 1394 2192 evestigio
1410 2149 1499 2183 illum
1514 2150 1656 2183 vinculis

236 2191 379 2224 solutum
409 2191 452 2223 ad
475 2203 511 2224 se
539 2192 696 2232 mitteret,
722 2197 759 2226 ut
783 2194 901 2227 bellum
928 2194 1089 2227 infinitum
1116 2199 1337 2237 exspectaret,
1371 2194 1519 2237 finesque
1550 2194 1656 2238 ipsius

236 2246 360 2276 omnes,
377 2246 398 2268 a
411 2236 564 2268 Romanis
581 2237 782 2270 exercitibus
795 2238 956 2282 direptos,
968 2243 1133 2272 vastatum
1151 2239 1202 2271 iri.
1228 2239 1355 2278 Quibus
1370 2240 1498 2272 nunciis
1511 2239 1655 2273 Cartha-

235 2280 396 2323 giniensis
411 2281 604 2322 exterritus,
624 2281 720 2324 quasi
737 2282 930 2326 quibusdam
947 2283 1115 2327 Scythicis
1136 2283 1346 2323 iussionibus,
1369 2289 1406 2316 ut
1427 2284 1461 2317 in
1478 2284 1655 2327 proverbio

236 2329 308 2365 est,
330 2330 402 2358 tum
420 2325 573 2359 Nicetam
590 2326 784 2369 patricium,
808 2332 878 2360 tum
895 2328 950 2371 qui
970 2339 1036 2361 una
1053 2339 1126 2360 cum
1141 2328 1197 2360 illo
1215 2328 1340 2371 captivi
1354 2328 1436 2361 facti
1451 2329 1596 2369 fuerant,
1620 2333 1656 2361 et

236 2369 367 2402 omnino
384 2371 548 2403 Romanos
569 2382 782 2414 quoscunque
799 2372 940 2405 diversis
957 2373 1038 2405 locis
1063 2373 1097 2405 in
1114 2373 1265 2405 custodia
1294 2372 1424 2405 vinctos
1448 2374 1655 2413 asservabat,

236 2414 432 2458 Nicephoro
447 2415 641 2458 Imperatori
656 2416 742 2448 dono
759 2416 858 2448 misit.
905 2417 1062 2449 Formido
1083 2417 1168 2450 enim
1185 2417 1275 2449 illum
1293 2417 1494 2458 incesserat,
1518 2417 1561 2450 de
1584 2423 1654 2450 ter-

235 2459 337 2492 restri
353 2459 528 2503 navalique
561 2463 722 2503 apparatu
746 2466 858 2492 nostro
888 2462 1086 2494 audientem.
1131 2461 1267 2505 Quippe
1297 2462 1454 2495 invictam
1470 2463 1653 2505 Imperato-

236 2503 284 2536 ris
302 2504 387 2544 vim,
418 2503 628 2538 intolerabile
651 2504 686 2536 in
713 2504 848 2548 praeliis
875 2511 975 2549 atque
1000 2506 1205 2539 inaccessum
1228 2507 1350 2546 robur,
1382 2506 1652 2550 quemadmodum

235 2548 323 2580 nullo
350 2549 482 2592 negotio
508 2549 718 2582 adversarios
743 2549 909 2592 quoslibet
930 2550 1027 2593 quasi
1053 2550 1165 2583 divino
1190 2552 1333 2594 quodam
1353 2551 1495 2595 impulsu
1524 2556 1653 2595 promte

235 2593 418 2635 subigeret,
442 2594 643 2627 verebantur
662 2605 773 2626 omnes
788 2594 937 2627 nationes
962 2599 1062 2639 atque
1078 2595 1377 2638 obstupescebant,
1399 2607 1507 2640 neque
1526 2597 1652 2629 hostem

235 2636 361 2670 habere
376 2638 478 2678 illum,
493 2650 605 2672 verum
620 2638 757 2672 amicum
775 2649 815 2671 ac
833 2638 997 2672 domiuum
1017 2641 1251 2683 properabant,
1284 2640 1323 2673 In
1342 2641 1428 2673 hunc
1444 2640 1573 2673 modum
1586 2640 1652 2673 Ni-

234 2685 327 2713 cetas
355 2683 516 2725 patricius
544 2683 733 2727 caeterique
758 2683 884 2726 captivi
902 2683 1042 2716 Romani
1067 2696 1087 2717 e
1110 2684 1251 2717 vinculis
1273 2696 1359 2728 eque
1383 2684 1536 2718 custodia
1562 2685 1652 2717 Con—

232 2725 480 2771 stantinopolim
498 2731 719 2762 reverterunt.
765 2728 977 2773 Nicephorus
997 2731 1106 2763 autem
1124 2730 1326 2773 Imperator,
1350 2728 1511 2770 laetatus,
1534 2732 1573 2763 ut
1591 2740 1652 2775 par
