1760 3034
388 157 671 206 NOMINUM
694 159 778 206 ET
804 159 1133 207 VERBORUM.

36 257 260 297 conditiones
279 271 283 274 “
299 260 413 307 pacis·
435 261 612 296 eont'ectae
649 261 743 296 inter

43 326 48 327 ν
84 305 444 341 RusosetRomanos
461 308 548 349 155,
570 309 628 344 2⁰.
652 307 741 352 [cum

85 350 334 386 Enlebemibus
346 354 437 394 392,
460 354 549 399 κῃ]

38 395 380 478 δᾶωῦοῶῐωεοτιιω
417 398 563 433 eeclesia
587 397 741 433 Edessae

40 485 227 532 Congiaria
259 500 280 523 a
303 488 427 523 loanne
452 487 624 524 Tzimisoe
653 488 737 535 Imp.

86 532 257 576 Cplitanis
273 533 356 568 data
376 536 464 575 159,
487 536 522 570 8.

40 576 285 613 Coniunctivus
316 580 435 614 aoristi
461 591 483 613 a
518 579 743 625 scriptoribus

1389 156 1489 206 579

840 272 905 296 eos
918 267 956 301 et
974 262 1098 298 milites
1110 263 1289 299 armenios
1303 263 1492 311 pugnati4,

838 308 897 344 25.
927 308 1290 355 constantinopolitani
1313 311 1492 356 Nicepho-

838 364 914 388 rum
933 355 1079 389 Phocum
1099 355 1183 401 Imp.
1206 366 1248 390 ex
1271 357 1374 401 Syria
1388 357 1492 392 redu-

840 410 914 434 cem
935 400 1113 445 splendide
1136 401 1309 446 recipimt
1338 402 1402 443 74,
1431 404 1490 438 Q.

839 456 862 478 e
876 445 1019 489 regione
1029 446 1126 492 Cplis
1142 447 1367 481 nosocomium
1381 447 1493 492 lepro-

839 501 948 524 sorum
965 491 1132 526 instanrat
1147 493 1289 526 Ioannes
1305 492 1492 527 Tzimisees

842 535 926 581 lmp.
944 538 1002 578 99,
1025 538 1081 572 21.
1104 537 1182 583 Cpli
1206 538 1389 572 hibernans
1412 550 1492 572 con·

842 582 965 625 giariis
1004 582 1135 627 plebem
1168 588 1323 616 munerat
1349 584 1492 618 Ioannes

85 624 201 668 praeci
228 625 335 659 itatae
360 625 572 659 Graecitatis
599 636 661 669 pro
687 625 742 658 fu-

84 673 163 702 turo
222 670 350 704 bibitus
364 671 443 705 XX.
462 672 520 706 27.
543 671 608 711 Ita,
622 675 661 704 ut
678 670 743 703 boc

85 719 176 755 utar,
197 715 242 749 ad
258 715 431 760 Aristopb.
448 715 540 750 Plnt.
555 727 645 749 vers.
661 715 741 750 518.

85 757 196 803 ἕξεις]
225 761 406 806 exponitur
431 760 563 808 λάβῃς,
595 767 631 795 et
661 761 741 796 533.

85 803 178 850 ἔξει]
202 805 307 853 λάβῃ.
349 807 584 842 Hemsterhuis
609 805 740 840 utrobi-

85 862 153 896 que
166 863 344 897 perperam
355 852 441 896 legit
451 851 593 900 λούβεις
604 859 641 886 et
655 849 741 886 λού-

83 898 162 976 ςῖι,
185 897 315 942 hasque
333 909 433 931 voees
449 899 524 932 vult
541 899 576 932 in
596 897 742 932 Meursii

83 943 321 1022 ,mar
335 943 742 1035 Gzzssssssffffisszx

85 1033 303 1068 immortalem
331 1033 490 1068 Corai'um
507 1034 659 1070 Μόθων
678 1035 741 1068 Αἰ-

87 1080 254 1113 σωπείων
276 1082 467 1125 συναγωγῇ
489 1082 566 1116 151.
592 1082 634 1114 A.
658 1078 738 1115 234.

88 1124 131 1158 Β.
159 1125 217 1160 92.
247 1125 288 1159 A.
314 1127 393 1162 236.
428 1127 468 1159 C.
495 1127 575 1162 333.
607 1126 647 1160 Β.
681 1124 740 1158 ubi

86 1181 152 1215 pro
182 1170 335 1227 ᾆωήσῃ,
375 1169 467 1214 ἐρῶ,
508 1172 608 1225 λήψῃ
639 1183 674 1205 τι.
708 1182 741 1205 τ.

86 1217 119 1250 ³..
140 1216 245 1250 habes
261 1230 364 1263 γενῃ,
389 1218 479 1252 εἴπω
491 1242 502 1259 ,
526 1219 640 1263 λαβῃς
655 1228 688 1250 κ.
707 1228 740 1249 τ.

86 1262 117 1295 2-
141 1271 184 1294 ex
213 1262 334 1307 quibus
360 1263 586 1297 subiunctivis
611 1260 742 1302 aoristi,

86 1306 240 1384 praelixa
274 1308 441 1354 particula
469 1307 547 1350 θὰ,
588 1308 741 1341 Graecos

110 1350 267 1386 odiemos
281 1355 395 1388 futura
412 1365 476 1387 sua
491 1355 666 1394 formasse,
683 1351 741 1386 θοὶ

87 1396 201 1436 εἴπω,
222 1396 280 1433 &i
307 1398 425 1440 ἔλθω,
447 1400 649 1433 credendum
675 1403 741 1431 est.

87 1442 232 1477 Offendi
256 1443 339 1478 item
362 1445 550 1489 scriptores
579 1443 743 1488 quosdam

86 1489 332 1524 consuetudine
352 1490 514 1524 diuturna
538 1490 639 1523 medii
665 1489 743 1522 aevi

85 1533 210 1574 tritos,
232 1534 268 1568 in
288 1547 371 1580 quos
391 1536 521 1569 librarii
541 1535 664 1580 passim
681 1545 742 1579 pro

85 1578 223 1619 futuro,
246 1581 355 1614 minus
379 1581 466 1626 ipsis
490 1582 637 1621 usitato,
662 1591 743 1613 con-

84 1622 269 1659 iunctim
305 1626 398 1660 illum
434 1626 551 1660 aoristi
589 1626 743 1659 introdu-

87 1674 223 1702 xerunt.
280 1670 321 1704 Id
352 1671 451 1705 verbi
486 1671 597 1715 gratia
634 1671 669 1704 in
704 1671 743 1704 S.

87 1710 271 1758 Ephraemi
285 1717 444 1761 operibus
456 1715 744 1750 innumerabiliter

86 1759 233 1794 accidit:
256 1768 361 1806 utque
379 1773 479 1795 unum
499 1761 607 1794 locum
624 1772 643 1794 e
659 1760 745 1794 mul-

86 1803 135 1838 tis
148 1805 306 1847 afferam,
329 1807 363 1840 in
380 1818 533 1841 sermone
548 1807 599 1840 De
615 1817 744 1839 secun—

88 1848 133 1882 do
152 1850 298 1886 adventu
321 1852 383 1885 111.
405 1854 461 1887 93.
485 1852 522 1885 F.
546 1849 636 1886 Ἐάν
656 1850 747 1896 ἔχεις

842 627 1031 662 Tzimisces
1051 628 1135 674 Imp.
1157 628 1241 669 127,
1266 628 1320 664 14.
1353 629 1432 673 Cpli
1457 630 1493 663 in

842 763 887 796 ad
904 764 997 797 urbis
1020 770 1136 809 portas
1159 776 1197 798 se
1216 730 1329 798 σαεξ-ιι
1348 745 1495 799 colloca-⁹

840 819 879 842 re
899 809 988 843 velle
1010 810 1157 844 minatur
1180 810 1495 854 Sphendostblabua

842 855 920 894 106,
936 855 994 890 21.
1015 855 1093 900 Cpli
1109 855 1336 900 proficiscitur
1350 856 1494 890 Ioannes

839 899 1030 934 Tzimisces
1070 901 1154 946 Imp.
1198 901 1492 946 Sphendosthlabo

841 944 963 979 bellum
995 945 1149 979 illaturus
1174 946 1259 987 145,
1279 948 1337 981 20.
1370 946 1413 980 ad
1436 957 1494 980 ar-

840 1001 925 1030 cem,
949 1002 1036 1036 quae
1053 992 1102 1025 ibi
1117 996 1181 1029 est,
1204 992 1318 1025 urbem
1336 992 1420 1026 clam
1438 992 1493 1026 in-

841 1035 996 1079 greditur
1015 1037 1086 1070 Leo
1106 1037 1329 1082 Curopalates
1356 1037 1491 1071 rebellis
1548 1073 1551 1075 .

842 1081 929 1122 146,
955 1084 1007 1116 11.
1034 1082 1112 1126 Cpli
1136 1081 1288 1116 monialis
1313 1083 1351 1116 S.
1375 1083 1493 1116 Theo-

840 1126 957 1160 dorum
967 1126 1055 1160 vidit
1064 1128 1249 1161 secundum
1259 1128 1405 1172 quietem
1418 1128 1494 1168 154,

843 1174 897 1206 10.
935 1172 1046 1217 Cplim
1078 1173 1184 1207 redux
1211 1174 1417 1218 triumphum
1449 1173 1495 1206 de

841 1217 1047 1263 Russisjgit
1058 1218 1200 1252 Ioannes
1208 1218 1397 1252 Tzimisces
1409 1219 1493 1263 Imp.

842 1263 926 1304 158,
949 1264 983 1297 8.
1017 1267 1054 1297 et
1087 1268 1207 1307 postea
1241 1263 1286 1297 de
1312 1264 1494 1298 Saracenis

842 1310 930 1348 163,
953 1309 986 1343 6.
1010 1307 1120 1352 Cplim
1146 1314 1306 1352 aegrotus
1329 1309 1421 1342 redit
1438 1309 1495 1342 Io-

841 1364 944 1386 annes
962 1353 1151 1387 Tzimisces
1166 1353 1249 1398 Imp.
1270 1354 1355 1394 177,
1380 1354 1433 1390 15.
1457 1354 1494 1388 in

839 1399 934 1432 urbis
953 1410 1035 1433 cons
1157 1404 1268 1432 castra
1286 1399 1390 1432 habet
1408 1399 1495 1432 Bar-

842 1444 904 1484 das
921 1444 1055 1478 Phocas
1069 1443 1206 1478 rebellis
1225 1444 1311 1485 173,
1334 1445 1389 1479 21.
1413 1443 1494 1489 Cpli

840 1493 956 1523 tnrroe
982 1489 1108 1524 multae
1135 1495 1249 1522 terrae
1279 1493 1370 1523 motu
1398 1489 1495 1523 deie-

842 1540 919 1568 ctae
941 1535 1019 1576 175,
1040 1534 1096 1570 24.
1120 1534 1230 1578 Cplim
1244 1545 1362 1568 versus
1380 1540 1495 1568 movet

843 1591 866 1613 a
890 1581 1054 1615 Sardieae
1080 1580 1254 1614 obsidione
1275 1580 1422 1614 Basilius
1446 1580 1492 1613 11.

842 1626 927 1670 Imp.
956 1627 1040 1667 171,
1071 1627 1130 1660 22.
1160 1626 1309 1659 eiusdem
1342 1624 1493 1659 civitatis

843 1669 1039 1704 suburbium
1059 1671 1236 1705 Honorata.
1252 1670 1319 1710 65,
1341 1671 1374 1705 7.
1397 1670 1495 1715 Cpli-

842 1720 925 1749 tana
951 1715 1048 1760 plebs
1074 1727 1181 1761 prona
1202 1715 1246 1749 ad
1272 1715 1435 1749 tumultus
1457 1720 1494 1749 et

842 1760 1065 1805 expilationes
1095 1761 1161 1802 94,
1194 1762 1251 1797 22.
1282 1760 1495 1806 spectaculo-

842 1817 914 1839 rum
951 1806 1053 1840 avida
1077 1808 1143 1848 6l,
1166 1808 1221 1842 10.
1250 1806 1301 1840 rei
1335 1806 1493 1840 militaria
1516 1845 1523 1850 ⁴

843 1851 963 1895 ignara
981 1853 1038 1893 63,
1062 1853 1116 1887 18.

90 1893 136 1949 [13
169 1895 273 1941 ἔχῃς]
301 1897 369 1933 τόν
402 1896 571 1942 φραγμὸν
598 1898 746 1938 τοῦτον,
800 1894 1044 1930 Constantinus
1053 1898 1199 1941 Magnus
1212 1896 1297 1941 Imp.
1315 1895 1492 1941 Dorystoli

88 1951 159 1974 ουκ
181 1942 327 1989 εἰσέλθῃ
354 1942 396 1978 τό
427 1946 584 1987 θηρίον,
617 1942 744 1978 τουτέ-

89 1995 170 2021 στιν
194 1985 215 2023 ὃ
233 1989 426 2035 διάβολος·
450 1988 594 2023 Codices
612 1988 743 2033 antiqui

90 2033 199 2067 nostri
221 2045 334 2069 omnes
352 2035 478 2069 babent
506 2032 575 2070 otiu
593 2033 742 2081 ἐμβήσε·

93 2089 166 2113 ται.

43 2120 244 2159 coniuratio
261 2125 396 2159 Ioannis
415 2124 606 2159 Tzimiscae
623 2129 740 2159 contra

91 2167 320 2214 Nicephorum
335 2172 418 2215 Imp.
438 2173 505 2211 87,
532 2174 563 2205 1.

44 2215 357 2260 Constantinopolis
379 2215 495 2250 laudes
521 2221 557 2250 et
583 2227 665 2260 opes
681 2214 739 2257 43,

87 2259 123 2294 2.
153 2259 476 2307 Constantinopolim
505 2261 618 2295 redire
646 2262 741 2295 dice-

89 2302 190 2339 batur
204 2306 370 2340 Romanus
385 2307 596 2351 Leospmus,
620 2307 662 2340 ad
681 2309 741 2340 im-

93 2350 222 2395 perium
245 2351 468 2385 invadendum
493 2352 580 2392 124,
606 2354 636 2387 1.
660 2364 741 2386 con-

88 2401 144 2430 tra
164 2395 274 2440 Cplim
301 2397 474 2441 expeditio
499 2397 617 2431 infelix
634 2398 741 2442 lngo-

88 2441 138 2475 ris
163 2443 249 2483 106,
274 2443 307 2477 5.
325 2441 371 2475 ibi
390 2442 424 2475 in
444 2442 535 2475 circo
551 2443 739 2488 triumphus

88 2491 185 2521 sotus
206 2497 227 2520 a
252 2487 368 2520 Leone
388 2487 502 2521 Pboca
522 2486 578 2529 24,
602 2490 636 2524 3-
662 2488 740 2532 Cpli

88 2532 199 2577 plebs,
218 2533 382 2566 seditione
400 2533 504 2573 facta,
524 2533 668 2567 asseclas
685 2534 740 2566 lo-

88 2577 740 2666 thlffl‘ss'lgssssdissxii'fflfflvsslffi

145 2647 157 2664 ,
221 2648 229 2655 .

89 2678 146 2700 eas
165 2668 249 2713 Imp.
266 2669 376 2701 Tarso
390 2674 493 2712 capta
508 2669 564 2708 61,
588 2670 621 2703 6.
644 2668 740 2702 Con-

89 2713 380 2758 stantinopolitani
398 2713 599 2746 decursione
614 2714 741 2748 milita-

89 2757 121 2792 ri
137 2757 175 2792 in
196 2759 287 2793 circo
305 2757 461 2793 exterriti
480 2759 548 2799 63,
571 2759 626 2794 18.
648 2759 741 2793 inter

842 1941 998 1976 conditor
1019 1944 1101 1983 138,
1124 1945 1180 1977 20.
1203 1941 1354 1987 sepultus
1379 1941 1413 1975 in
1433 1953 1491 1976 ec-

842 1987 946 2021 claeia
981 1988 1214 2033 Apostolorum
1248 1987 1493 2021 Constantino-

841 2033 910 2077 poli
930 2035 996 2074 91,
1021 2036 1075 2069 11.

796 2079 859 2111 sub
878 2078 1099 2112 Constantino
1120 2078 1296 2123 Pogonato
1315 2077 1448 2113 Moesia
1471 2089 1491 2111 a

839 2123 999 2167 Bulgaris
1014 2130 1182 2169 occupata
1199 2125 1284 2163 103,
1306 2125 1365 2158 21.

794 2168 1038 2203 Constantinus
1070 2170 1129 2203 lv.
1168 2169 1422 2214 Copronymus,
1457 2174 1492 2201 et

840 2220 919 2259 post
939 2226 1012 2248 eum
1037 2214 1279 2249 Constantinus
1304 2214 1346 2248 V.
1372 2214 1491 2247 Irenae

839 2261 930 2303 Aug.
961 2260 1068 2301 filius,
1100 2261 1231 2305 Impp.‚
1263 2259 1430 2302 Bulgaros
1457 2258 1492 2290 in

839 2305 985 2350 ipsorum
1005 2306 1143 2350 regione
1166 2306 1305 2339 vineunt
1327 2302 1411 2343 104,
1437 2305 1492 2338 18.

795 2349 1036 2385 Constantinus
1049 2351 1123 2384 vn.
1136 2351 1491 2394 Porphyrogennetus,

840 2396 943 2440 Imp.‚
974 2396 1097 2431 Leonis
1124 2394 1317 2438 Philosophi
1343 2393 1432 2426 filius
1455 2392 1491 2432 5,

842 2442 896 2477 15.
919 2453 959 2475 eo
978 2453 1083 2487 puero
1102 2442 1173 2475 Ζοό
1192 2441 1340 2482 Augusta
1359 2437 1492 2482 imperii

840 2487 1052 2532 procuratrix
1080 2488 1165 2526 123,
1196 2486 1229 2519 3.
1264 2495 1303 2516 eo
1332 2488 1491 2516 nascente

839 2536 876 2566 et
901 2533 1064 2567 moriente
1089 2538 1236 2565 cometes
1254 2529 1347 2560 visus
1367 2529 1410 2567 5,
1435 2526 1490 2561 16.

840 2589 906 2622 quo
934 2589 1020 2612 anno
1049 2584 1195 2610 mortuus
1223 2575 1245 2607 5
1261 2597 1276 2625 ,ι
1299 2575 1354 2607 23.
1389 2572 1491 2616 [377.

839 2624 920 2667 21.]
955 2622 1200 2667 expeditionem
1235 2623 1339 2651 mmt
1373 2624 1491 2651 contra

839 2670 969 2702 Arabes
983 2670 1164 2701 Cretenses
1184 2666 1225 2703 6,
1253 2664 1305 2696 11.
1327 2673 1367 2696 eo
1383 2662 1491 2707 impe-

840 2719 938 2747 rante
960 2713 1012 2745 bis
1029 2710 1266 2744 Cbambdanus
1285 2718 1306 2740 a
1322 2707 1378 2741 via
1395 2712 1492 2741 reeta

838 2757 1015 2791 discedere
1039 2760 1178 2790 coaetus
1196 2759 1232 2788 et
1249 2753 1389 2796 fugatus
1410 2754 1491 2792 191,
