<?xml version="1.0" encoding="UTF-8"?>
<!DOCTYPE html PUBLIC "-//W3C//DTD XHTML 1.0 Transitional//EN"
    "http://www.w3.org/TR/xhtml1/DTD/xhtml1-transitional.dtd">
<html xmlns="http://www.w3.org/1999/xhtml" xml:lang="en" lang="en">
 <head>
  <title>
</title>
<meta http-equiv="Content-Type" content="text/html;charset=utf-8" />
  <meta name='ocr-system' content='tesseract 3.04.00' />
  <meta name='ocr-capabilities' content='ocr_page ocr_carea ocr_par ocr_line ocrx_word'/>
</head>
<body>
  <div class='ocr_page' id='page_1' title='image "./corpusscriptorum33niebuoft_0458.png"; bbox 0 0 1748 3094; ppageno 0'>
   <div class='ocr_carea' id='block_1_1' title="bbox 243 164 1240 214">
    <p class='ocr_par' dir='ltr' id='par_1_1' title="bbox 243 164 1240 214">
     <span class='ocr_line' id='line_1_1' title="bbox 243 164 1240 214; baseline 0.002 -4"><span class='ocrx_word' id='word_1_1' title='bbox 243 164 356 211; x_wconf 22' lang='lat'><em>,414</em></span> <span class='ocrx_word' id='word_1_2' title='bbox 710 169 757 214; x_wconf 90' lang='lat' dir='ltr'><em>C.</em></span> <span class='ocrx_word' id='word_1_3' title='bbox 784 171 831 212; x_wconf 92' lang='lat' dir='ltr'><em>B.</em></span> <span class='ocrx_word' id='word_1_4' title='bbox 860 167 1014 212; x_wconf 87' lang='lat' dir='ltr'>HASII</span> <span class='ocrx_word' id='word_1_5' title='bbox 1040 168 1240 212; x_wconf 88' lang='lat' dir='ltr'><strong>NOTAE</strong></span> 
     </span>
    </p>
   </div>
   <div class='ocr_carea' id='block_1_2' title="bbox 97 268 1748 2844">
    <p class='ocr_par' dir='ltr' id='par_1_2' title="bbox 97 268 1748 2844">
     <span class='ocr_line' id='line_1_2' title="bbox 252 268 1748 330; baseline -0.002 -13"><span class='ocrx_word' id='word_1_6' title='bbox 252 274 402 330; x_wconf 76' lang='grc' dir='ltr'><strong><em>χαλεπὰ</em></strong></span> <span class='ocrx_word' id='word_1_7' title='bbox 421 273 495 317; x_wconf 73' lang='grc' dir='ltr'><em>ὅσα</em></span> <span class='ocrx_word' id='word_1_8' title='bbox 513 270 768 323; x_wconf 77' lang='grc' dir='ltr'><strong><em>ἆναδιδάξαι,</em></strong></span> <span class='ocrx_word' id='word_1_9' title='bbox 798 270 880 314; x_wconf 78' lang='grc' dir='ltr'><strong><em>εἶτα</em></strong></span> <span class='ocrx_word' id='word_1_10' title='bbox 896 272 963 314; x_wconf 84' lang='grc' dir='ltr'><em>καὶ</em></span> <span class='ocrx_word' id='word_1_11' title='bbox 982 272 1159 314; x_wconf 80' lang='grc' dir='ltr'><strong><em>ἐκδικίαν</em></strong></span> <span class='ocrx_word' id='word_1_12' title='bbox 1179 268 1421 326; x_wconf 70' lang='grc' dir='ltr'><strong><em>αἰτήσασθαι</em></strong></span> <span class='ocrx_word' id='word_1_13' title='bbox 1437 269 1530 327; x_wconf 78' lang='grc' dir='ltr'><strong><em>παρ’</em></strong></span> <span class='ocrx_word' id='word_1_14' title='bbox 1553 269 1692 324; x_wconf 64' lang='grc' dir='ltr'><strong><em>αὐτοῦ,</em></strong></span> <span class='ocrx_word' id='word_1_15' title='bbox 1747 317 1748 321; x_wconf 11' lang='grc' dir='ltr'><strong>Ἰ</strong></span> 
     </span>
     <span class='ocr_line' id='line_1_3' title="bbox 254 325 1748 385; baseline -0.002 -12"><span class='ocrx_word' id='word_1_16' title='bbox 254 333 322 373; x_wconf 78' lang='grc' dir='ltr'><em>καὶ</em></span> <span class='ocrx_word' id='word_1_17' title='bbox 341 331 415 385; x_wconf 80' lang='grc' dir='ltr'><em>τὴν</em></span> <span class='ocrx_word' id='word_1_18' title='bbox 426 335 497 373; x_wconf 84' lang='grc' dir='ltr'><em>τοῦ</em></span> <span class='ocrx_word' id='word_1_19' title='bbox 515 335 642 372; x_wconf 82' lang='grc' dir='ltr'><strong><em>κακοῦ</em></strong></span> <span class='ocrx_word' id='word_1_20' title='bbox 660 328 787 371; x_wconf 82' lang='grc' dir='ltr'><em>λύσιν.</em></span> <span class='ocrx_word' id='word_1_21' title='bbox 829 325 963 382; x_wconf 79' lang='grc' dir='ltr'><strong><em>Τούτῳ</em></strong></span> <span class='ocrx_word' id='word_1_22' title='bbox 981 326 1222 369; x_wconf 78' lang='grc' dir='ltr'><strong><em>καθεύδοντι</em></strong></span> <span class='ocrx_word' id='word_1_23' title='bbox 1238 327 1396 378; x_wconf 58' lang='lat' dir='ltr'><em>&amp;amnis</em></span> <span class='ocrx_word' id='word_1_24' title='bbox 1413 329 1435 372; x_wconf 81' lang='grc' dir='ltr'><strong><em>ὃ</em></strong></span> <span class='ocrx_word' id='word_1_25' title='bbox 1450 329 1570 383; x_wconf 78' lang='grc' dir='ltr'><strong><em>μέγας</em></strong></span> <span class='ocrx_word' id='word_1_26' title='bbox 1583 327 1694 382; x_wconf 82' lang='grc' dir='ltr'><strong><em>η’πεί-</em></strong></span> <span class='ocrx_word' id='word_1_27' title='bbox 1746 363 1748 365; x_wconf 87' lang='grc'>.</span> 
     </span>
     <span class='ocr_line' id='line_1_4' title="bbox 252 382 1748 441; baseline -0.001 -12"><span class='ocrx_word' id='word_1_28' title='bbox 252 388 347 441; x_wconf 80' lang='grc' dir='ltr'><strong><em>λησέ</em></strong></span> <span class='ocrx_word' id='word_1_29' title='bbox 361 404 402 429; x_wconf 87' lang='grc' dir='ltr'><em>τε</em></span> <span class='ocrx_word' id='word_1_30' title='bbox 424 388 642 441; x_wconf 60' lang='grc' dir='ltr'><strong><em>ἐμβριθοῦς,</em></strong></span> <span class='ocrx_word' id='word_1_31' title='bbox 670 386 738 426; x_wconf 86' lang='grc' dir='ltr'><em>καὶ</em></span> <span class='ocrx_word' id='word_1_32' title='bbox 760 388 832 438; x_wconf 82' lang='grc' dir='ltr'><em>τῆς</em></span> <span class='ocrx_word' id='word_1_33' title='bbox 853 385 981 438; x_wconf 79' lang='grc' dir='ltr'><strong><em>ὁρμῆς</em></strong></span> <span class='ocrx_word' id='word_1_34' title='bbox 1000 385 1146 437; x_wconf 73' lang='grc' dir='ltr'><strong><em>ἔστησε,</em></strong></span> <span class='ocrx_word' id='word_1_35' title='bbox 1175 384 1242 425; x_wconf 75' lang='grc' dir='ltr'><em>καὶ</em></span> <span class='ocrx_word' id='word_1_36' title='bbox 1259 385 1317 433; x_wconf 84' lang='grc' dir='ltr'><em>εἰς</em></span> <span class='ocrx_word' id='word_1_37' title='bbox 1332 383 1408 438; x_wconf 76' lang='grc' dir='ltr'><em>τὴν</em></span> <span class='ocrx_word' id='word_1_38' title='bbox 1424 382 1594 438; x_wconf 73' lang='grc' dir='ltr'><strong><em>Λαύραν</em></strong></span> <span class='ocrx_word' id='word_1_39' title='bbox 1611 384 1694 426; x_wconf 78' lang='grc' dir='ltr'><em>ἐκέ-</em></span> <span class='ocrx_word' id='word_1_40' title='bbox 1746 426 1748 428; x_wconf 87' lang='grc'><strong>,</strong></span> 
     </span>
     <span class='ocr_line' id='line_1_5' title="bbox 252 436 1694 497; baseline -0.003 -12"><span class='ocrx_word' id='word_1_41' title='bbox 252 448 365 485; x_wconf 83' lang='grc' dir='ltr'><strong><em>λευσε</em></strong></span> <span class='ocrx_word' id='word_1_42' title='bbox 391 442 434 484; x_wconf 84' lang='grc' dir='ltr'><em>τὸ</em></span> <span class='ocrx_word' id='word_1_43' title='bbox 462 446 699 497; x_wconf 84' lang='grc' dir='ltr'><strong><em>παραχρῆμα</em></strong></span> <span class='ocrx_word' id='word_1_44' title='bbox 725 442 976 491; x_wconf 79' lang='grc' dir='ltr'><strong><em>ἐπανελθεῖν,</em></strong></span> <span class='ocrx_word' id='word_1_45' title='bbox 1002 436 1124 495; x_wconf 71' lang='grc' dir='ltr'><em>Ἐγώ,</em></span> <span class='ocrx_word' id='word_1_46' title='bbox 1153 440 1370 493; x_wconf 77' lang='grc' dir='ltr'><strong><em>προσθεὶς,</em></strong></span> <span class='ocrx_word' id='word_1_47' title='bbox 1397 438 1448 482; x_wconf 72' lang='grc' dir='ltr'><em>τοὶ</em></span> <span class='ocrx_word' id='word_1_48' title='bbox 1474 444 1549 482; x_wconf 75' lang='grc' dir='ltr'><em>τοῦ</em></span> <span class='ocrx_word' id='word_1_49' title='bbox 1572 437 1694 494; x_wconf 80' lang='grc' dir='ltr'><strong><em>Ἰγνα-</em></strong></span> 
     </span>
     <span class='ocr_line' id='line_1_6' title="bbox 252 490 1748 556; baseline -0.003 -15"><span class='ocrx_word' id='word_1_50' title='bbox 252 502 359 550; x_wconf 89' lang='grc' dir='ltr'><strong><em>τίου,</em></strong></span> <span class='ocrx_word' id='word_1_51' title='bbox 388 495 419 556; x_wconf 77' lang='grc' dir='ltr'><em>ᾗ</em></span> <span class='ocrx_word' id='word_1_52' title='bbox 450 498 659 552; x_wconf 85' lang='grc' dir='ltr'><strong><em>προσήκει,</em></strong></span> <span class='ocrx_word' id='word_1_53' title='bbox 691 495 875 553; x_wconf 71' lang='grc' dir='ltr'><strong><em>διῴκησα.</em></strong></span> <span class='ocrx_word' id='word_1_54' title='bbox 934 493 1017 538; x_wconf 73' lang='grc' dir='ltr'><em>Οὐκ</em></span> <span class='ocrx_word' id='word_1_55' title='bbox 1050 494 1160 551; x_wconf 63' lang='grc' dir='ltr'><strong><em>αὐτῷ</em></strong></span> <span class='ocrx_word' id='word_1_56' title='bbox 1188 495 1232 536; x_wconf 83' lang='grc' dir='ltr'><em>δὲ</em></span> <span class='ocrx_word' id='word_1_57' title='bbox 1257 493 1389 553; x_wconf 86' lang='grc' dir='ltr'><strong><em>μόνῳ,</em></strong></span> <span class='ocrx_word' id='word_1_58' title='bbox 1419 492 1517 538; x_wconf 57' lang='lat' dir='ltr'><em>dud</em></span> <span class='ocrx_word' id='word_1_59' title='bbox 1542 496 1611 537; x_wconf 81' lang='grc' dir='ltr'><em>καὶ</em></span> <span class='ocrx_word' id='word_1_60' title='bbox 1635 498 1695 552; x_wconf 70' lang='grc' dir='ltr'><em>τῷ</em></span> <span class='ocrx_word' id='word_1_61' title='bbox 1745 490 1748 513; x_wconf 59' lang='lat'>³</span> 
     </span>
     <span class='ocr_line' id='line_1_7' title="bbox 252 549 1695 609; baseline -0.003 -12"><span class='ocrx_word' id='word_1_62' title='bbox 252 552 508 597; x_wconf 79' lang='grc' dir='ltr'><strong><em>συνοδεύοντι</em></strong></span> <span class='ocrx_word' id='word_1_63' title='bbox 525 557 682 609; x_wconf 79' lang='grc' dir='ltr'><strong><em>μοναχῷ</em></strong></span> <span class='ocrx_word' id='word_1_64' title='bbox 701 555 801 602; x_wconf 81' lang='grc' dir='ltr'><em>ἴσοις</em></span> <span class='ocrx_word' id='word_1_65' title='bbox 830 554 1080 604; x_wconf 76' lang='grc' dir='ltr'><strong><em>ἐπιφαίνεται</em></strong></span> <span class='ocrx_word' id='word_1_66' title='bbox 1098 557 1181 600; x_wconf 82' lang='grc' dir='ltr'><strong><em>τοῖς</em></strong></span> <span class='ocrx_word' id='word_1_67' title='bbox 1206 549 1388 606; x_wconf 76' lang='grc' dir='ltr'><strong><em>ὀνείροις.</em></strong></span> <span class='ocrx_word' id='word_1_68' title='bbox 1435 549 1538 593; x_wconf 72' lang='grc' dir='ltr'><em>Ἀλλ’</em></span> <span class='ocrx_word' id='word_1_69' title='bbox 1556 549 1651 604; x_wconf 71' lang='grc' dir='ltr'><strong><em>ὅπερ</em></strong></span> <span class='ocrx_word' id='word_1_70' title='bbox 1671 550 1695 593; x_wconf 81' lang='grc' dir='ltr'>ὅ</span> 
     </span>
     <span class='ocr_line' id='line_1_8' title="bbox 97 605 1695 668; baseline -0.001 -18"><span class='ocrx_word' id='word_1_71' title='bbox 97 617 137 651; x_wconf 87' lang='grc' dir='ltr'><em>Ρ.</em></span> <span class='ocrx_word' id='word_1_72' title='bbox 163 618 229 654; x_wconf 87' lang='grc'><em>197</em></span> <span class='ocrx_word' id='word_1_73' title='bbox 255 610 366 668; x_wconf 73' lang='grc' dir='ltr'><strong><em>ἅγιος</em></strong></span> <span class='ocrx_word' id='word_1_74' title='bbox 393 613 674 662; x_wconf 81' lang='grc' dir='ltr'><strong><em>ὃιοικηθῆναι,</em></strong></span> <span class='ocrx_word' id='word_1_75' title='bbox 708 609 762 657; x_wconf 69' lang='grc' dir='ltr'><em>αἱς</em></span> <span class='ocrx_word' id='word_1_76' title='bbox 784 613 987 662; x_wconf 85' lang='grc' dir='ltr'><strong><em>προσῆκον</em></strong></span> <span class='ocrx_word' id='word_1_77' title='bbox 1017 609 1068 660; x_wconf 86' lang='grc' dir='ltr'><em>[Ι.</em></span> <span class='ocrx_word' id='word_1_78' title='bbox 1087 609 1326 662; x_wconf 83' lang='grc' dir='ltr'><strong><em>προσῆκεν],</em></strong></span> <span class='ocrx_word' id='word_1_79' title='bbox 1356 609 1453 660; x_wconf 76' lang='grc' dir='ltr'><em>ἔφη,</em></span> <span class='ocrx_word' id='word_1_80' title='bbox 1481 605 1615 662; x_wconf 61' lang='grc' dir='ltr'><strong><em>ἄγριός</em></strong></span> <span class='ocrx_word' id='word_1_81' title='bbox 1634 622 1695 656; x_wconf 83' lang='grc' dir='ltr'><em>τις</em></span> 
     </span>
     <span class='ocr_line' id='line_1_9' title="bbox 249 661 1695 720; baseline -0.003 -12"><span class='ocrx_word' id='word_1_82' title='bbox 249 669 318 709; x_wconf 84' lang='grc' dir='ltr'><em>καὶ</em></span> <span class='ocrx_word' id='word_1_83' title='bbox 354 666 485 719; x_wconf 78' lang='grc' dir='ltr'><strong><em>ἰταμὸς</em></strong></span> <span class='ocrx_word' id='word_1_84' title='bbox 508 665 748 719; x_wconf 74' lang='grc' dir='ltr'><strong><em>ἅνθρωπος,</em></strong></span> <span class='ocrx_word' id='word_1_85' title='bbox 777 665 1032 718; x_wconf 82' lang='grc' dir='ltr'><strong><em>πορευομένῳ</em></strong></span> <span class='ocrx_word' id='word_1_86' title='bbox 1062 661 1309 716; x_wconf 82' lang='grc' dir='ltr'><strong><em>συναντήσας</em></strong></span> <span class='ocrx_word' id='word_1_87' title='bbox 1336 668 1393 720; x_wconf 78' lang='grc' dir='ltr'><em>τῷ</em></span> <span class='ocrx_word' id='word_1_88' title='bbox 1415 663 1608 719; x_wconf 82' lang='grc' dir='ltr'><strong><em>Ἰγνατίῳ,</em></strong></span> <span class='ocrx_word' id='word_1_89' title='bbox 1638 663 1695 712; x_wconf 81' lang='grc' dir='ltr'><em>εἰς</em></span> 
     </span>
     <span class='ocr_line' id='line_1_10' title="bbox 250 717 1696 777; baseline -0.003 -13"><span class='ocrx_word' id='word_1_90' title='bbox 250 724 347 777; x_wconf 82' lang='grc' dir='ltr'><strong><em>μέρη</em></strong></span> <span class='ocrx_word' id='word_1_91' title='bbox 377 739 417 764; x_wconf 83' lang='grc' dir='ltr'><em>τε</em></span> <span class='ocrx_word' id='word_1_92' title='bbox 444 722 513 762; x_wconf 80' lang='grc' dir='ltr'><em>καὶ</em></span> <span class='ocrx_word' id='word_1_93' title='bbox 539 722 635 775; x_wconf 81' lang='grc' dir='ltr'><strong><em>μέλη</em></strong></span> <span class='ocrx_word' id='word_1_94' title='bbox 667 720 862 773; x_wconf 82' lang='grc' dir='ltr'><strong><em>διατέμνει</em></strong></span> <span class='ocrx_word' id='word_1_95' title='bbox 882 719 952 761; x_wconf 74' lang='grc' dir='ltr'><em>τόν</em></span> <span class='ocrx_word' id='word_1_96' title='bbox 979 719 1146 761; x_wconf 70' lang='grc' dir='ltr'><strong><em>ἄθλιον·</em></strong></span> <span class='ocrx_word' id='word_1_97' title='bbox 1176 721 1309 761; x_wconf 74' lang='grc' dir='ltr'><strong><em>ἔπειτα</em></strong></span> <span class='ocrx_word' id='word_1_98' title='bbox 1325 720 1392 760; x_wconf 76' lang='grc' dir='ltr'><em>καὶ</em></span> <span class='ocrx_word' id='word_1_99' title='bbox 1412 719 1487 773; x_wconf 77' lang='grc' dir='ltr'><em>τήν</em></span> <span class='ocrx_word' id='word_1_100' title='bbox 1513 717 1696 772; x_wconf 76' lang='grc' dir='ltr'><strong><em>κεφαλήν</em></strong></span> 
     </span>
     <span class='ocr_line' id='line_1_11' title="bbox 249 772 1696 833; baseline -0.003 -13"><span class='ocrx_word' id='word_1_101' title='bbox 249 779 405 826; x_wconf 77' lang='grc' dir='ltr'><strong><em>ἐπιθεὶς</em></strong></span> <span class='ocrx_word' id='word_1_102' title='bbox 438 780 563 833; x_wconf 82' lang='grc' dir='ltr'><strong><em>λίθῳ,</em></strong></span> <span class='ocrx_word' id='word_1_103' title='bbox 591 778 657 818; x_wconf 81' lang='grc' dir='ltr'><em>καὶ</em></span> <span class='ocrx_word' id='word_1_104' title='bbox 687 777 801 831; x_wconf 75' lang='grc' dir='ltr'><strong><em>ἑτέρῳ</em></strong></span> <span class='ocrx_word' id='word_1_105' title='bbox 826 779 943 829; x_wconf 82' lang='grc' dir='ltr'><strong><em>βαρεῖ</em></strong></span> <span class='ocrx_word' id='word_1_106' title='bbox 965 778 1185 829; x_wconf 84' lang='grc' dir='ltr'><strong><em>συντρίψας</em></strong></span> <span class='ocrx_word' id='word_1_107' title='bbox 1204 791 1255 818; x_wconf 67' lang='grc' dir='ltr'><em>,τε</em></span> <span class='ocrx_word' id='word_1_108' title='bbox 1281 776 1349 816; x_wconf 86' lang='grc' dir='ltr'><em>καὶ</em></span> <span class='ocrx_word' id='word_1_109' title='bbox 1372 772 1600 823; x_wconf 74' lang='grc' dir='ltr'><strong><em>συνθλάσας</em></strong></span> <span class='ocrx_word' id='word_1_110' title='bbox 1625 774 1696 815; x_wconf 75' lang='grc' dir='ltr'><em>καὶ</em></span> 
     </span>
     <span class='ocr_line' id='line_1_12' title="bbox 250 829 1696 887; baseline -0.004 -11"><span class='ocrx_word' id='word_1_111' title='bbox 250 833 347 887; x_wconf 66' lang='grc' dir='ltr'><em>ὅλην</em></span> <span class='ocrx_word' id='word_1_112' title='bbox 366 832 465 882; x_wconf 69' lang='grc' dir='ltr'><em>ὅλως</em></span> <span class='ocrx_word' id='word_1_113' title='bbox 484 830 725 880; x_wconf 75' lang='grc' dir='ltr'><strong><em>καταλεάνας</em></strong></span> <span class='ocrx_word' id='word_1_114' title='bbox 744 830 874 872; x_wconf 60' lang='lat' dir='ltr'><em>‹innah›</em></span> <span class='ocrx_word' id='word_1_115' title='bbox 893 831 1023 887; x_wconf 78' lang='grc' dir='ltr'><strong><em>ᾤχετο,</em></strong></span> <span class='ocrx_word' id='word_1_116' title='bbox 1054 832 1120 872; x_wconf 85' lang='grc' dir='ltr'><em>καὶ</em></span> <span class='ocrx_word' id='word_1_117' title='bbox 1145 829 1354 886; x_wconf 78' lang='grc' dir='ltr'><strong><em>οἶχείρωτος</em></strong></span> <span class='ocrx_word' id='word_1_118' title='bbox 1373 833 1430 880; x_wconf 86' lang='grc' dir='ltr'><em>εἰς</em></span> <span class='ocrx_word' id='word_1_119' title='bbox 1448 833 1566 884; x_wconf 75' lang='grc' dir='ltr'><strong><em>δεῦρο</em></strong></span> <span class='ocrx_word' id='word_1_120' title='bbox 1586 830 1696 871; x_wconf 77' lang='grc' dir='ltr'><strong><em>κατέ-</em></strong></span> 
     </span>
     <span class='ocr_line' id='line_1_13' title="bbox 252 889 1695 943; baseline -0.005 -12"><span class='ocrx_word' id='word_1_121' title='bbox 252 905 333 943; x_wconf 84' lang='grc' dir='ltr'><strong><em>στη.</em></strong></span> <span class='ocrx_word' id='word_1_122' title='bbox 390 891 476 928; x_wconf 88' lang='lat' dir='ltr'><em>Hoc</em></span> <span class='ocrx_word' id='word_1_123' title='bbox 496 895 575 927; x_wconf 87' lang='lat' dir='ltr'><em>est:</em></span> <span class='ocrx_word' id='word_1_124' title='bbox 615 890 666 926; x_wconf 88' lang='lat' dir='ltr'><em>Ut</em></span> <span class='ocrx_word' id='word_1_125' title='bbox 681 896 812 926; x_wconf 84' lang='lat' dir='ltr'><em>autem</em></span> <span class='ocrx_word' id='word_1_126' title='bbox 835 891 879 926; x_wconf 90' lang='lat' dir='ltr'><em>in</em></span> <span class='ocrx_word' id='word_1_127' title='bbox 900 889 993 925; x_wconf 86' lang='lat' dir='ltr'><em>illos</em></span> <span class='ocrx_word' id='word_1_128' title='bbox 1009 890 1236 939; x_wconf 85' lang='lat' dir='ltr'><em>propitius,</em></span> <span class='ocrx_word' id='word_1_129' title='bbox 1264 890 1326 925; x_wconf 88' lang='lat' dir='ltr'><em>sic</em></span> <span class='ocrx_word' id='word_1_130' title='bbox 1341 902 1507 926; x_wconf 86' lang='lat' dir='ltr'><em>rursum</em></span> <span class='ocrx_word' id='word_1_131' title='bbox 1529 889 1695 925; x_wconf 82' lang='lat' dir='ltr'><em>iniustis</em></span> 
     </span>
     <span class='ocr_line' id='line_1_14' title="bbox 246 943 1695 999; baseline -0.004 -14"><span class='ocrx_word' id='word_1_132' title='bbox 246 949 521 999; x_wconf 72' lang='lat' dir='ltr'><em>perversisque</em></span> <span class='ocrx_word' id='word_1_133' title='bbox 539 946 750 993; x_wconf 66' lang='lat' dir='ltr'><em>terribilis,</em></span> <span class='ocrx_word' id='word_1_134' title='bbox 780 952 816 981; x_wconf 88' lang='lat' dir='ltr'><em>et</em></span> <span class='ocrx_word' id='word_1_135' title='bbox 843 944 902 982; x_wconf 82' lang='lat' dir='ltr'><em>ad</em></span> <span class='ocrx_word' id='word_1_136' title='bbox 921 947 1196 983; x_wconf 72' lang='lat' dir='ltr'><em>correctionem</em></span> <span class='ocrx_word' id='word_1_137' title='bbox 1221 944 1510 995; x_wconf 85' lang='lat' dir='ltr'><em>implacabilis.</em></span> <span class='ocrx_word' id='word_1_138' title='bbox 1556 943 1695 981; x_wconf 74' lang='lat' dir='ltr'><em>vCuius</em></span> 
     </span>
     <span class='ocr_line' id='line_1_15' title="bbox 250 998 1741 1054; baseline -0.003 -14"><span class='ocrx_word' id='word_1_139' title='bbox 250 1006 309 1041; x_wconf 88' lang='lat' dir='ltr'><em>rei</em></span> <span class='ocrx_word' id='word_1_140' title='bbox 335 1010 615 1054; x_wconf 72' lang='lat' dir='ltr'><em>argumentum</em></span> <span class='ocrx_word' id='word_1_141' title='bbox 645 1008 700 1039; x_wconf 86' lang='lat' dir='ltr'><em>est</em></span> <span class='ocrx_word' id='word_1_142' title='bbox 721 1001 877 1052; x_wconf 79' lang='lat' dir='ltr'><em>Ignatii</em></span> <span class='ocrx_word' id='word_1_143' title='bbox 904 1000 1091 1038; x_wconf 75' lang='lat' dir='ltr'><em>monachi</em></span> <span class='ocrx_word' id='word_1_144' title='bbox 1103 1029 1113 1047; x_wconf 94' lang='lat'><em>,</em></span> <span class='ocrx_word' id='word_1_145' title='bbox 1145 1002 1216 1052; x_wconf 86' lang='lat' dir='ltr'><em>qui</em></span> <span class='ocrx_word' id='word_1_146' title='bbox 1239 998 1471 1039; x_wconf 75' lang='lat' dir='ltr'><em>Clearzanas</em></span> <span class='ocrx_word' id='word_1_147' title='bbox 1487 1001 1696 1051; x_wconf 83' lang='lat' dir='ltr'><em>cognomi-</em></span> <span class='ocrx_word' id='word_1_148' title='bbox 1738 1016 1741 1019; x_wconf 95' lang='lat'>·</span> 
     </span>
     <span class='ocr_line' id='line_1_16' title="bbox 248 1056 1695 1107; baseline -0.002 -11"><span class='ocrx_word' id='word_1_149' title='bbox 248 1059 448 1107; x_wconf 82' lang='lat' dir='ltr'><em>nabatur,</em></span> <span class='ocrx_word' id='word_1_150' title='bbox 479 1058 622 1095; x_wconf 81' lang='lat' dir='ltr'><em>acerba</em></span> <span class='ocrx_word' id='word_1_151' title='bbox 640 1066 676 1094; x_wconf 91' lang='lat' dir='ltr'><em>et</em></span> <span class='ocrx_word' id='word_1_152' title='bbox 697 1056 928 1094; x_wconf 87' lang='lat' dir='ltr'><em>miseranda</em></span> <span class='ocrx_word' id='word_1_153' title='bbox 945 1071 1062 1094; x_wconf 89' lang='lat' dir='ltr'><em>mors.</em></span> <span class='ocrx_word' id='word_1_154' title='bbox 1117 1058 1203 1094; x_wconf 70' lang='lat' dir='ltr'><em>Hie</em></span> <span class='ocrx_word' id='word_1_155' title='bbox 1222 1058 1343 1106; x_wconf 85' lang='lat' dir='ltr'><em>enim,</em></span> <span class='ocrx_word' id='word_1_156' title='bbox 1375 1070 1467 1094; x_wconf 84' lang='lat' dir='ltr'><em>cum</em></span> <span class='ocrx_word' id='word_1_157' title='bbox 1487 1057 1530 1093; x_wconf 88' lang='lat' dir='ltr'><em>in</em></span> <span class='ocrx_word' id='word_1_158' title='bbox 1554 1069 1695 1093; x_wconf 84' lang='lat' dir='ltr'><em>nume-</em></span> 
     </span>
     <span class='ocr_line' id='line_1_17' title="bbox 249 1109 1694 1163; baseline -0.003 -11"><span class='ocrx_word' id='word_1_159' title='bbox 249 1129 294 1152; x_wconf 86' lang='lat' dir='ltr'><em>ro</em></span> <span class='ocrx_word' id='word_1_160' title='bbox 319 1114 604 1152; x_wconf 79' lang='lat' dir='ltr'><em>monachorum</em></span> <span class='ocrx_word' id='word_1_161' title='bbox 625 1121 743 1161; x_wconf 86' lang='lat' dir='ltr'><em>esset,</em></span> <span class='ocrx_word' id='word_1_162' title='bbox 766 1121 861 1163; x_wconf 87' lang='lat' dir='ltr'><em>post</em></span> <span class='ocrx_word' id='word_1_163' title='bbox 885 1115 1019 1150; x_wconf 87' lang='lat' dir='ltr'><em>sancti</em></span> <span class='ocrx_word' id='word_1_164' title='bbox 1043 1115 1178 1152; x_wconf 87' lang='lat' dir='ltr'><em>Patris</em></span> <span class='ocrx_word' id='word_1_165' title='bbox 1202 1126 1398 1150; x_wconf 86' lang='lat' dir='ltr'><em>excessum</em></span> <span class='ocrx_word' id='word_1_166' title='bbox 1425 1127 1453 1150; x_wconf 87' lang='lat' dir='ltr'><em>a</em></span> <span class='ocrx_word' id='word_1_167' title='bbox 1478 1112 1603 1149; x_wconf 79' lang='lat' dir='ltr'><em>laura</em></span> <span class='ocrx_word' id='word_1_168' title='bbox 1627 1109 1694 1148; x_wconf 84' lang='lat' dir='ltr'><em>de-</em></span> 
     </span>
     <span class='ocr_line' id='line_1_18' title="bbox 237 1167 1694 1223; baseline -0.002 -16"><span class='ocrx_word' id='word_1_169' title='bbox 237 1172 407 1223; x_wconf 85' lang='lat' dir='ltr'><em>ficiens,</em></span> <span class='ocrx_word' id='word_1_170' title='bbox 438 1169 631 1207; x_wconf 67' lang='lat' dir='ltr'><em>adversus</em></span> <span class='ocrx_word' id='word_1_171' title='bbox 651 1170 767 1207; x_wconf 87' lang='lat' dir='ltr'><em>illam</em></span> <span class='ocrx_word' id='word_1_172' title='bbox 785 1183 902 1206; x_wconf 90' lang='lat' dir='ltr'><em>arma</em></span> <span class='ocrx_word' id='word_1_173' title='bbox 918 1171 1083 1206; x_wconf 77' lang='lat' dir='ltr'><em>sumsit:</em></span> <span class='ocrx_word' id='word_1_174' title='bbox 1113 1177 1159 1207; x_wconf 84' lang='lat' dir='ltr'><em>ut</em></span> <span class='ocrx_word' id='word_1_175' title='bbox 1175 1170 1259 1220; x_wconf 82' lang='lat' dir='ltr'><em>ipsi</em></span> <span class='ocrx_word' id='word_1_176' title='bbox 1285 1167 1447 1219; x_wconf 84' lang='lat' dir='ltr'><em>quidem</em></span> <span class='ocrx_word' id='word_1_177' title='bbox 1468 1167 1694 1216; x_wconf 79' lang='lat' dir='ltr'><em>videbatur,</em></span> 
     </span>
     <span class='ocr_line' id='line_1_19' title="bbox 239 1222 1696 1278; baseline -0.003 -14"><span class='ocrx_word' id='word_1_178' title='bbox 239 1234 452 1278; x_wconf 80' lang='lat' dir='ltr'><em>praetextu</em></span> <span class='ocrx_word' id='word_1_179' title='bbox 470 1228 578 1263; x_wconf 87' lang='lat' dir='ltr'><em>iusto</em></span> <span class='ocrx_word' id='word_1_180' title='bbox 589 1241 604 1274; x_wconf 85' lang='lat'><em>,-</em></span> <span class='ocrx_word' id='word_1_181' title='bbox 633 1240 674 1263; x_wconf 91' lang='lat' dir='ltr'><em>re</em></span> <span class='ocrx_word' id='word_1_182' title='bbox 694 1239 787 1263; x_wconf 70' lang='lat' dir='ltr'><em>vera</em></span> <span class='ocrx_word' id='word_1_183' title='bbox 805 1233 962 1273; x_wconf 86' lang='lat' dir='ltr'><em>autem,</em></span> <span class='ocrx_word' id='word_1_184' title='bbox 985 1239 1168 1275; x_wconf 77' lang='lat' dir='ltr'><em>perverso</em></span> <span class='ocrx_word' id='word_1_185' title='bbox 1182 1238 1357 1276; x_wconf 86' lang='lat' dir='ltr'><em>prorsus</em></span> <span class='ocrx_word' id='word_1_186' title='bbox 1380 1225 1528 1273; x_wconf 88' lang='lat' dir='ltr'><em>animo,</em></span> <span class='ocrx_word' id='word_1_187' title='bbox 1557 1230 1595 1260; x_wconf 85' lang='lat' dir='ltr'><em>et</em></span> <span class='ocrx_word' id='word_1_188' title='bbox 1618 1222 1696 1260; x_wconf 87' lang='lat' dir='ltr'><em>do-</em></span> 
     </span>
     <span class='ocr_line' id='line_1_20' title="bbox 245 1280 1694 1332; baseline -0.003 -12"><span class='ocrx_word' id='word_1_189' title='bbox 245 1282 431 1320; x_wconf 87' lang='lat' dir='ltr'><em>minandi</em></span> <span class='ocrx_word' id='word_1_190' title='bbox 449 1284 592 1319; x_wconf 86' lang='lat' dir='ltr'><em>insano</em></span> <span class='ocrx_word' id='word_1_191' title='bbox 612 1296 744 1319; x_wconf 85' lang='lat' dir='ltr'><em>amore</em></span> <span class='ocrx_word' id='word_1_192' title='bbox 770 1280 927 1319; x_wconf 84' lang='lat' dir='ltr'><em>ductus.</em></span> <span class='ocrx_word' id='word_1_193' title='bbox 989 1282 1074 1331; x_wconf 80' lang='lat' dir='ltr'><em>Qui</em></span> <span class='ocrx_word' id='word_1_194' title='bbox 1098 1295 1190 1332; x_wconf 81' lang='lat' dir='ltr'><em>ergo</em></span> <span class='ocrx_word' id='word_1_195' title='bbox 1219 1281 1363 1319; x_wconf 83' lang='lat' dir='ltr'><em>laurae</em></span> <span class='ocrx_word' id='word_1_196' title='bbox 1380 1288 1475 1317; x_wconf 82' lang='lat' dir='ltr'><em>tunc</em></span> <span class='ocrx_word' id='word_1_197' title='bbox 1492 1285 1694 1330; x_wconf 80' lang='lat' dir='ltr'><em>praeerat,</em></span> 
     </span>
     <span class='ocr_line' id='line_1_21' title="bbox 236 1331 1720 1390; baseline -0.002 -15"><span class='ocrx_word' id='word_1_198' title='bbox 236 1340 450 1390; x_wconf 85' lang='lat' dir='ltr'><em>perculsus</em></span> <span class='ocrx_word' id='word_1_199' title='bbox 472 1339 642 1374; x_wconf 79' lang='lat' dir='ltr'><em>malitiis</em></span> <span class='ocrx_word' id='word_1_200' title='bbox 674 1345 798 1388; x_wconf 83' lang='lat' dir='ltr'><em>atque</em></span> <span class='ocrx_word' id='word_1_201' title='bbox 816 1337 1023 1374; x_wconf 73' lang='lat' dir='ltr'><em>simultate</em></span> <span class='ocrx_word' id='word_1_202' title='bbox 1040 1339 1147 1384; x_wconf 88' lang='lat' dir='ltr'><em>eius,</em></span> <span class='ocrx_word' id='word_1_203' title='bbox 1177 1345 1264 1373; x_wconf 86' lang='lat' dir='ltr'><em>tum</em></span> <span class='ocrx_word' id='word_1_204' title='bbox 1280 1337 1371 1373; x_wconf 88' lang='lat' dir='ltr'><em>alia</em></span> <span class='ocrx_word' id='word_1_205' title='bbox 1378 1337 1487 1385; x_wconf 82' lang='lat' dir='ltr'><em>fecit</em></span> <span class='ocrx_word' id='word_1_206' title='bbox 1506 1331 1610 1386; x_wconf 83' lang='lat' dir='ltr'><em>quae</em></span> <span class='ocrx_word' id='word_1_207' title='bbox 1631 1335 1694 1372; x_wconf 91' lang='lat' dir='ltr'><em>in-</em></span> <span class='ocrx_word' id='word_1_208' title='bbox 1718 1373 1720 1375; x_wconf 82' lang='grc'><strong>,</strong></span> 
     </span>
     <span class='ocr_line' id='line_1_22' title="bbox 245 1391 1693 1445; baseline -0.003 -14"><span class='ocrx_word' id='word_1_209' title='bbox 245 1397 341 1445; x_wconf 87' lang='lat' dir='ltr'><em>opia</em></span> <span class='ocrx_word' id='word_1_210' title='bbox 364 1402 400 1432; x_wconf 88' lang='lat' dir='ltr'><em>et</em></span> <span class='ocrx_word' id='word_1_211' title='bbox 421 1408 592 1431; x_wconf 83' lang='lat' dir='ltr'><em>moerore</em></span> <span class='ocrx_word' id='word_1_212' title='bbox 615 1395 791 1444; x_wconf 76' lang='lat' dir='ltr'><em>oppressi</em></span> <span class='ocrx_word' id='word_1_213' title='bbox 805 1394 944 1440; x_wconf 85' lang='lat' dir='ltr'><em>solent,</em></span> <span class='ocrx_word' id='word_1_214' title='bbox 975 1399 1060 1430; x_wconf 84' lang='lat' dir='ltr'><em>turn</em></span> <span class='ocrx_word' id='word_1_215' title='bbox 1081 1391 1141 1429; x_wconf 86' lang='lat' dir='ltr'><em>ad</em></span> <span class='ocrx_word' id='word_1_216' title='bbox 1160 1391 1438 1442; x_wconf 72' lang='lat' dir='ltr'><em>Nicephorum,</em></span> <span class='ocrx_word' id='word_1_217' title='bbox 1468 1392 1543 1441; x_wconf 84' lang='lat' dir='ltr'><em>qui</em></span> <span class='ocrx_word' id='word_1_218' title='bbox 1557 1403 1693 1428; x_wconf 83' lang='lat' dir='ltr'><em>rerum</em></span> 
     </span>
     <span class='ocr_line' id='line_1_23' title="bbox 242 1448 1693 1500; baseline -0.003 -12"><span class='ocrx_word' id='word_1_219' title='bbox 242 1450 363 1489; x_wconf 76' lang='lat' dir='ltr'><em>lzaud</em></span> <span class='ocrx_word' id='word_1_220' title='bbox 389 1451 515 1487; x_wconf 86' lang='lat' dir='ltr'><em>multo</em></span> <span class='ocrx_word' id='word_1_221' title='bbox 532 1457 627 1500; x_wconf 85' lang='lat' dir='ltr'><em>post</em></span> <span class='ocrx_word' id='word_1_222' title='bbox 640 1451 800 1499; x_wconf 87' lang='lat' dir='ltr'><em>potitus</em></span> <span class='ocrx_word' id='word_1_223' title='bbox 815 1456 891 1496; x_wconf 87' lang='lat' dir='ltr'><em>est,</em></span> <span class='ocrx_word' id='word_1_224' title='bbox 922 1450 1006 1485; x_wconf 90' lang='lat' dir='ltr'><em>iam</em></span> <span class='ocrx_word' id='word_1_225' title='bbox 1025 1450 1068 1485; x_wconf 86' lang='lat' dir='ltr'><em>in</em></span> <span class='ocrx_word' id='word_1_226' title='bbox 1091 1448 1249 1485; x_wconf 83' lang='lat' dir='ltr'><em>Cretam</em></span> <span class='ocrx_word' id='word_1_227' title='bbox 1264 1448 1517 1498; x_wconf 77' lang='lat' dir='ltr'><em>profectum,</em></span> <span class='ocrx_word' id='word_1_228' title='bbox 1539 1460 1581 1482; x_wconf 89' lang='lat' dir='ltr'><em>se</em></span> <span class='ocrx_word' id='word_1_229' title='bbox 1600 1459 1693 1483; x_wconf 85' lang='lat' dir='ltr'><em>con-</em></span> 
     </span>
     <span class='ocr_line' id='line_1_24' title="bbox 243 1503 1693 1557; baseline -0.003 -13"><span class='ocrx_word' id='word_1_230' title='bbox 243 1508 354 1556; x_wconf 84' lang='lat' dir='ltr'><em>tulit,</em></span> <span class='ocrx_word' id='word_1_231' title='bbox 375 1507 531 1557; x_wconf 80' lang='lat' dir='ltr'><em>alloqui</em></span> <span class='ocrx_word' id='word_1_232' title='bbox 552 1520 640 1542; x_wconf 90' lang='lat' dir='ltr'><em>eum</em></span> <span class='ocrx_word' id='word_1_233' title='bbox 659 1506 823 1555; x_wconf 84' lang='lat' dir='ltr'><em>cupiens</em></span> <span class='ocrx_word' id='word_1_234' title='bbox 833 1505 1060 1555; x_wconf 77' lang='lat' dir='ltr'><em>Ignatiique</em></span> <span class='ocrx_word' id='word_1_235' title='bbox 1077 1518 1200 1554; x_wconf 82' lang='lat' dir='ltr'><em>quam</em></span> <span class='ocrx_word' id='word_1_236' title='bbox 1213 1516 1361 1553; x_wconf 81' lang='lat' dir='ltr'><em>graves</em></span> <span class='ocrx_word' id='word_1_237' title='bbox 1371 1503 1547 1539; x_wconf 86' lang='lat' dir='ltr'><em>iniuriae</em></span> <span class='ocrx_word' id='word_1_238' title='bbox 1566 1509 1693 1539; x_wconf 79' lang='lat' dir='ltr'><em>essent</em></span> 
     </span>
     <span class='ocr_line' id='line_1_25' title="bbox 244 1558 1691 1610; baseline -0.003 -10"><span class='ocrx_word' id='word_1_239' title='bbox 244 1576 565 1610; x_wconf 83' lang='lat' dir='ltr'><em>commemorare,</em></span> <span class='ocrx_word' id='word_1_240' title='bbox 606 1569 692 1597; x_wconf 87' lang='lat' dir='ltr'><em>tum</em></span> <span class='ocrx_word' id='word_1_241' title='bbox 730 1559 951 1599; x_wconf 71' lang='lat' dir='ltr'><em>vindictam</em></span> <span class='ocrx_word' id='word_1_242' title='bbox 979 1559 1030 1596; x_wconf 88' lang='lat' dir='ltr'><em>ab</em></span> <span class='ocrx_word' id='word_1_243' title='bbox 1057 1574 1098 1596; x_wconf 91' lang='lat' dir='ltr'><em>eo</em></span> <span class='ocrx_word' id='word_1_244' title='bbox 1131 1559 1306 1609; x_wconf 83' lang='lat' dir='ltr'><em>malique</em></span> <span class='ocrx_word' id='word_1_245' title='bbox 1323 1558 1453 1609; x_wconf 88' lang='lat' dir='ltr'><em>finem</em></span> <span class='ocrx_word' id='word_1_246' title='bbox 1477 1572 1691 1608; x_wconf 83' lang='lat' dir='ltr'><em>exposcere.</em></span> 
     </span>
     <span class='ocr_line' id='line_1_26' title="bbox 241 1615 1688 1668; baseline -0.003 -12"><span class='ocrx_word' id='word_1_247' title='bbox 241 1621 357 1656; x_wconf 84' lang='lat' dir='ltr'><em>Huic</em></span> <span class='ocrx_word' id='word_1_248' title='bbox 394 1618 607 1655; x_wconf 82' lang='lat' dir='ltr'><em>dormienti</em></span> <span class='ocrx_word' id='word_1_249' title='bbox 643 1632 683 1654; x_wconf 90' lang='lat' dir='ltr'><em>se</em></span> <span class='ocrx_word' id='word_1_250' title='bbox 718 1616 881 1668; x_wconf 76' lang='lat' dir='ltr'><em>offerens</em></span> <span class='ocrx_word' id='word_1_251' title='bbox 917 1617 1093 1653; x_wconf 88' lang='lat' dir='ltr'><em>Sanctus</em></span> <span class='ocrx_word' id='word_1_252' title='bbox 1120 1615 1386 1652; x_wconf 87' lang='lat' dir='ltr'><em>comminatus</em></span> <span class='ocrx_word' id='word_1_253' title='bbox 1412 1621 1470 1651; x_wconf 89' lang='lat' dir='ltr'><em>est</em></span> <span class='ocrx_word' id='word_1_254' title='bbox 1493 1615 1688 1665; x_wconf 82' lang='lat' dir='ltr'><em>graviter,</em></span> 
     </span>
     <span class='ocr_line' id='line_1_27' title="bbox 206 1668 1691 1727; baseline -0.005 -14"><span class='ocrx_word' id='word_1_255' title='bbox 206 1679 236 1713; x_wconf 89' lang='lat' dir='ltr'>B</span> <span class='ocrx_word' id='word_1_256' title='bbox 249 1678 410 1727; x_wconf 80' lang='lat' dir='ltr'><em>eiusque</em></span> <span class='ocrx_word' id='word_1_257' title='bbox 433 1677 622 1724; x_wconf 86' lang='lat' dir='ltr'><em>impetum</em></span> <span class='ocrx_word' id='word_1_258' title='bbox 645 1674 842 1723; x_wconf 81' lang='lat' dir='ltr'><em>repressit,</em></span> <span class='ocrx_word' id='word_1_259' title='bbox 872 1670 930 1710; x_wconf 85' lang='lat' dir='ltr'><em>ad</em></span> <span class='ocrx_word' id='word_1_260' title='bbox 947 1672 1186 1722; x_wconf 68' lang='lat' dir='ltr'><em>lauramqu‘e</em></span> <span class='ocrx_word' id='word_1_261' title='bbox 1208 1672 1329 1708; x_wconf 84' lang='lat' dir='ltr'><em>iussit</em></span> <span class='ocrx_word' id='word_1_262' title='bbox 1345 1671 1531 1720; x_wconf 75' lang='lat' dir='ltr'><em>evestigio</em></span> <span class='ocrx_word' id='word_1_263' title='bbox 1551 1668 1691 1711; x_wconf 84' lang='lat' dir='ltr'><em>redire,</em></span> 
     </span>
     <span class='ocr_line' id='line_1_28' title="bbox 242 1726 1692 1782; baseline -0.003 -14"><span class='ocrx_word' id='word_1_264' title='bbox 242 1733 336 1782; x_wconf 86' lang='lat' dir='ltr'><em>Ego,</em></span> <span class='ocrx_word' id='word_1_265' title='bbox 367 1733 514 1782; x_wconf 83' lang='lat' dir='ltr'><em>inquit,</em></span> <span class='ocrx_word' id='word_1_266' title='bbox 546 1730 593 1767; x_wconf 89' lang='lat' dir='ltr'><em>de</em></span> <span class='ocrx_word' id='word_1_267' title='bbox 610 1729 726 1767; x_wconf 88' lang='lat' dir='ltr'><em>rebus</em></span> <span class='ocrx_word' id='word_1_268' title='bbox 746 1728 906 1779; x_wconf 82' lang='lat' dir='ltr'><em>Ignatii,</em></span> <span class='ocrx_word' id='word_1_269' title='bbox 937 1734 1128 1779; x_wconf 85' lang='lat' dir='ltr'><em>quantum</em></span> <span class='ocrx_word' id='word_1_270' title='bbox 1149 1726 1304 1775; x_wconf 71' lang='lat' dir='ltr'><em>attinet,</em></span> <span class='ocrx_word' id='word_1_271' title='bbox 1327 1726 1498 1778; x_wconf 86' lang='lat' dir='ltr'><em>providi.</em></span> <span class='ocrx_word' id='word_1_272' title='bbox 1557 1726 1692 1777; x_wconf 76' lang='lat' dir='ltr'><em>IVeque</em></span> 
     </span>
     <span class='ocr_line' id='line_1_29' title="bbox 192 1781 1692 1835; baseline -0.005 -10"><span class='ocrx_word' id='word_1_273' title='bbox 192 1824 194 1826; x_wconf 81' lang='grc'>,</span> <span class='ocrx_word' id='word_1_274' title='bbox 243 1788 341 1824; x_wconf 76' lang='lat' dir='ltr'><em>huic</em></span> <span class='ocrx_word' id='word_1_275' title='bbox 359 1788 502 1834; x_wconf 72' lang='lat' dir='ltr'><em>solum,</em></span> <span class='ocrx_word' id='word_1_276' title='bbox 534 1785 605 1823; x_wconf 86' lang='lat' dir='ltr'><em>sed</em></span> <span class='ocrx_word' id='word_1_277' title='bbox 622 1786 760 1822; x_wconf 84' lang='lat' dir='ltr'><em>comiti</em></span> <span class='ocrx_word' id='word_1_278' title='bbox 782 1798 935 1835; x_wconf 83' lang='lat' dir='ltr'><em>quoque</em></span> <span class='ocrx_word' id='word_1_279' title='bbox 955 1785 1132 1831; x_wconf 87' lang='lat' dir='ltr'><em>itineris,</em></span> <span class='ocrx_word' id='word_1_280' title='bbox 1161 1782 1366 1830; x_wconf 77' lang='lat' dir='ltr'><em>monacho,</em></span> <span class='ocrx_word' id='word_1_281' title='bbox 1393 1782 1547 1819; x_wconf 86' lang='lat' dir='ltr'><em>somnio</em></span> <span class='ocrx_word' id='word_1_282' title='bbox 1562 1781 1692 1818; x_wconf 83' lang='lat' dir='ltr'><em>simili</em></span> 
     </span>
     <span class='ocr_line' id='line_1_30' title="bbox 242 1835 1691 1892; baseline -0.005 -12"><span class='ocrx_word' id='word_1_283' title='bbox 242 1846 356 1881; x_wconf 63' lang='lat' dir='ltr'><em>visus</em></span> <span class='ocrx_word' id='word_1_284' title='bbox 373 1850 438 1880; x_wconf 85' lang='lat' dir='ltr'><em>est.</em></span> <span class='ocrx_word' id='word_1_285' title='bbox 492 1841 613 1892; x_wconf 81' lang='lat' dir='ltr'><em>Quod</em></span> <span class='ocrx_word' id='word_1_286' title='bbox 622 1856 714 1878; x_wconf 82' lang='lat' dir='ltr'><em>vero</em></span> <span class='ocrx_word' id='word_1_287' title='bbox 727 1842 898 1879; x_wconf 83' lang='lat' dir='ltr'><em>Sanctus</em></span> <span class='ocrx_word' id='word_1_288' title='bbox 913 1854 964 1884; x_wconf 92' lang='lat' dir='ltr'><em>se,</em></span> <span class='ocrx_word' id='word_1_289' title='bbox 993 1835 1191 1891; x_wconf 81' lang='lat' dir='ltr'><em>quantum</em></span> <span class='ocrx_word' id='word_1_290' title='bbox 1210 1840 1451 1886; x_wconf 83' lang='lat' dir='ltr'><em>attinuisset,</em></span> <span class='ocrx_word' id='word_1_291' title='bbox 1462 1836 1691 1887; x_wconf 80' lang='lat' dir='ltr'><em>providisse</em></span> 
     </span>
     <span class='ocr_line' id='line_1_31' title="bbox 244 1895 1690 1950; baseline -0.005 -14"><span class='ocrx_word' id='word_1_292' title='bbox 244 1898 366 1948; x_wconf 80' lang='lat' dir='ltr'><em>dixit,</em></span> <span class='ocrx_word' id='word_1_293' title='bbox 398 1900 570 1950; x_wconf 82' lang='lat' dir='ltr'><em>agrestis</em></span> <span class='ocrx_word' id='word_1_294' title='bbox 590 1897 760 1948; x_wconf 85' lang='lat' dir='ltr'><em>quidam</em></span> <span class='ocrx_word' id='word_1_295' title='bbox 793 1898 958 1946; x_wconf 84' lang='lat' dir='ltr'><em>etseras</em></span> <span class='ocrx_word' id='word_1_296' title='bbox 976 1896 1091 1933; x_wconf 79' lang='lat' dir='ltr'><em>homo</em></span> <span class='ocrx_word' id='word_1_297' title='bbox 1103 1925 1114 1944; x_wconf 89' lang='lat'><em>,</em></span> <span class='ocrx_word' id='word_1_298' title='bbox 1146 1896 1305 1946; x_wconf 81' lang='lat' dir='ltr'><em>Ignatio</em></span> <span class='ocrx_word' id='word_1_299' title='bbox 1329 1896 1372 1931; x_wconf 89' lang='lat' dir='ltr'><em>in</em></span> <span class='ocrx_word' id='word_1_300' title='bbox 1398 1895 1537 1931; x_wconf 87' lang='lat' dir='ltr'><em>itinere</em></span> <span class='ocrx_word' id='word_1_301' title='bbox 1553 1906 1690 1930; x_wconf 83' lang='lat' dir='ltr'><em>occur-</em></span> 
     </span>
     <span class='ocr_line' id='line_1_32' title="bbox 243 1948 1689 2004; baseline -0.005 -13"><span class='ocrx_word' id='word_1_302' title='bbox 243 1969 344 2004; x_wconf 70' lang='lat' dir='ltr'><em>ren3‚</em></span> <span class='ocrx_word' id='word_1_303' title='bbox 372 1957 414 1991; x_wconf 87' lang='lat' dir='ltr'><em>in</em></span> <span class='ocrx_word' id='word_1_304' title='bbox 429 1957 580 2004; x_wconf 84' lang='lat' dir='ltr'><em>frusta</em></span> <span class='ocrx_word' id='word_1_305' title='bbox 599 1953 843 1990; x_wconf 81' lang='lat' dir='ltr'><em>membratim</em></span> <span class='ocrx_word' id='word_1_306' title='bbox 861 1951 1037 1989; x_wconf 86' lang='lat' dir='ltr'><em>concidit</em></span> <span class='ocrx_word' id='word_1_307' title='bbox 1057 1953 1266 1988; x_wconf 82' lang='lat' dir='ltr'><em>miserum.-</em></span> <span class='ocrx_word' id='word_1_308' title='bbox 1295 1948 1436 1986; x_wconf 87' lang='lat' dir='ltr'><em>deinde</em></span> <span class='ocrx_word' id='word_1_309' title='bbox 1452 1955 1575 1999; x_wconf 83' lang='lat' dir='ltr'><em>caput</em></span> <span class='ocrx_word' id='word_1_310' title='bbox 1593 1961 1689 1999; x_wconf 88' lang='lat' dir='ltr'><em>quo-</em></span> 
     </span>
     <span class='ocr_line' id='line_1_33' title="bbox 243 2007 1694 2061; baseline -0.006 -14"><span class='ocrx_word' id='word_1_311' title='bbox 243 2024 318 2060; x_wconf 82' lang='lat' dir='ltr'><em>que</em></span> <span class='ocrx_word' id='word_1_312' title='bbox 347 2010 479 2060; x_wconf 80' lang='lat' dir='ltr'><em>lapidi</em></span> <span class='ocrx_word' id='word_1_313' title='bbox 506 2012 736 2061; x_wconf 81' lang='lat' dir='ltr'><em>impositum</em></span> <span class='ocrx_word' id='word_1_314' title='bbox 767 2011 889 2046; x_wconf 88' lang='lat' dir='ltr'><em>altero</em></span> <span class='ocrx_word' id='word_1_315' title='bbox 903 2007 1127 2059; x_wconf 83' lang='lat' dir='ltr'><em>ponderoso</em></span> <span class='ocrx_word' id='word_1_316' title='bbox 1153 2009 1214 2044; x_wconf 87' lang='lat' dir='ltr'><em>ita</em></span> <span class='ocrx_word' id='word_1_317' title='bbox 1236 2007 1424 2043; x_wconf 84' lang='lat' dir='ltr'><em>contrivit</em></span> <span class='ocrx_word' id='word_1_318' title='bbox 1443 2012 1564 2055; x_wconf 84' lang='lat' dir='ltr'><em>atque</em></span> <span class='ocrx_word' id='word_1_319' title='bbox 1583 2016 1694 2040; x_wconf 87' lang='lat' dir='ltr'><em>com-·</em></span> 
     </span>
     <span class='ocr_line' id='line_1_34' title="bbox 242 2060 1687 2116; baseline -0.005 -14"><span class='ocrx_word' id='word_1_320' title='bbox 242 2067 411 2111; x_wconf 85' lang='lat' dir='ltr'><em>minuit,</em></span> <span class='ocrx_word' id='word_1_321' title='bbox 451 2073 497 2102; x_wconf 86' lang='lat' dir='ltr'><em>ut</em></span> <span class='ocrx_word' id='word_1_322' title='bbox 530 2074 657 2103; x_wconf 85' lang='lat' dir='ltr'><em>totum</em></span> <span class='ocrx_word' id='word_1_323' title='bbox 692 2067 856 2116; x_wconf 71' lang='lat' dir='ltr'><em>penitus</em></span> <span class='ocrx_word' id='word_1_324' title='bbox 879 2065 1171 2115; x_wconf 83' lang='lat' dir='ltr'><em>complanaret:</em></span> <span class='ocrx_word' id='word_1_325' title='bbox 1208 2075 1286 2113; x_wconf 86' lang='lat' dir='ltr'><em>quo</em></span> <span class='ocrx_word' id='word_1_326' title='bbox 1310 2067 1474 2112; x_wconf 84' lang='lat' dir='ltr'><em>peracto</em></span> <span class='ocrx_word' id='word_1_327' title='bbox 1507 2060 1687 2111; x_wconf 82' lang='lat' dir='ltr'><em>aufugit,</em></span> 
     </span>
     <span class='ocr_line' id='line_1_35' title="bbox 241 2115 1688 2172; baseline -0.005 -13"><span class='ocrx_word' id='word_1_328' title='bbox 241 2136 363 2172; x_wconf 83' lang='lat' dir='ltr'><em>neque</em></span> <span class='ocrx_word' id='word_1_329' title='bbox 398 2120 455 2157; x_wconf 78' lang='lat' dir='ltr'><em>ad</em></span> <span class='ocrx_word' id='word_1_330' title='bbox 475 2122 582 2158; x_wconf 76' lang='lat' dir='ltr'><em>hunc</em></span> <span class='ocrx_word' id='word_1_331' title='bbox 603 2121 707 2158; x_wconf 87' lang='lat' dir='ltr'><em>diem</em></span> <span class='ocrx_word' id='word_1_332' title='bbox 731 2128 872 2171; x_wconf 86' lang='lat' dir='ltr'><em>captus</em></span> <span class='ocrx_word' id='word_1_333' title='bbox 893 2127 969 2157; x_wconf 70' lang='lat' dir='ltr'><em>est:</em></span> <span class='ocrx_word' id='word_1_334' title='bbox 1018 2118 1247 2169; x_wconf 71' lang='lat' dir='ltr'><em>Sequentia,</em></span> <span class='ocrx_word' id='word_1_335' title='bbox 1275 2122 1322 2167; x_wconf 80' lang='lat' dir='ltr'><em>ut</em></span> <span class='ocrx_word' id='word_1_336' title='bbox 1342 2116 1467 2154; x_wconf 80' lang='lat' dir='ltr'><em>aliena</em></span> <span class='ocrx_word' id='word_1_337' title='bbox 1488 2115 1536 2152; x_wconf 84' lang='lat' dir='ltr'><em>ab</em></span> <span class='ocrx_word' id='word_1_338' title='bbox 1558 2128 1688 2166; x_wconf 83' lang='lat' dir='ltr'><em>expe-</em></span> 
     </span>
     <span class='ocr_line' id='line_1_36' title="bbox 242 2170 1686 2227; baseline -0.005 -12"><span class='ocrx_word' id='word_1_339' title='bbox 242 2177 393 2215; x_wconf 78' lang='lat' dir='ltr'><em>ditione</em></span> <span class='ocrx_word' id='word_1_340' title='bbox 415 2177 566 2214; x_wconf 87' lang='lat' dir='ltr'><em>Cretica</em></span> <span class='ocrx_word' id='word_1_341' title='bbox 585 2176 815 2227; x_wconf 84' lang='lat' dir='ltr'><em>Nicephori,</em></span> <span class='ocrx_word' id='word_1_342' title='bbox 845 2176 895 2213; x_wconf 82' lang='lat' dir='ltr'><em>ad</em></span> <span class='ocrx_word' id='word_1_343' title='bbox 913 2175 1038 2223; x_wconf 83' lang='lat' dir='ltr'><em>illum,</em></span> <span class='ocrx_word' id='word_1_344' title='bbox 1066 2180 1112 2211; x_wconf 83' lang='lat' dir='ltr'><em>ut</em></span> <span class='ocrx_word' id='word_1_345' title='bbox 1128 2173 1223 2222; x_wconf 85' lang='lat' dir='ltr'><em>dixi,</em></span> <span class='ocrx_word' id='word_1_346' title='bbox 1254 2173 1419 2209; x_wconf 87' lang='lat' dir='ltr'><em>Tomum</em></span> <span class='ocrx_word' id='word_1_347' title='bbox 1438 2170 1584 2219; x_wconf 77' lang='lat' dir='ltr'><em>reficio,</em></span> <span class='ocrx_word' id='word_1_348' title='bbox 1606 2183 1686 2222; x_wconf 87' lang='lat' dir='ltr'><em>quo</em></span> 
     </span>
     <span class='ocr_line' id='line_1_37' title="bbox 237 2226 1687 2283; baseline -0.008 -10"><span class='ocrx_word' id='word_1_349' title='bbox 237 2234 339 2273; x_wconf 86' lang='lat' dir='ltr'><em>vitas</em></span> <span class='ocrx_word' id='word_1_350' title='bbox 374 2234 606 2270; x_wconf 84' lang='lat' dir='ltr'><em>Sanctorum</em></span> <span class='ocrx_word' id='word_1_351' title='bbox 637 2233 730 2270; x_wconf 85' lang='lat' dir='ltr'><em>alias</em></span> <span class='ocrx_word' id='word_1_352' title='bbox 760 2232 998 2283; x_wconf 76' lang='lat' dir='ltr'><em>complures,</em></span> <span class='ocrx_word' id='word_1_353' title='bbox 1035 2243 1123 2267; x_wconf 90' lang='lat' dir='ltr'><em>cum</em></span> <span class='ocrx_word' id='word_1_354' title='bbox 1153 2229 1207 2266; x_wconf 85' lang='lat' dir='ltr'><em>ad</em></span> <span class='ocrx_word' id='word_1_355' title='bbox 1231 2227 1331 2265; x_wconf 81' lang='lat' dir='ltr'><em>haec</em></span> <span class='ocrx_word' id='word_1_356' title='bbox 1354 2233 1442 2264; x_wconf 80' lang='lat' dir='ltr'><em>tum</em></span> <span class='ocrx_word' id='word_1_357' title='bbox 1473 2226 1523 2263; x_wconf 83' lang='lat' dir='ltr'><em>ad</em></span> <span class='ocrx_word' id='word_1_358' title='bbox 1541 2226 1687 2264; x_wconf 83' lang='lat' dir='ltr'><em>leono-</em></span> 
     </span>
     <span class='ocr_line' id='line_1_38' title="bbox 241 2283 1687 2339; baseline -0.006 -12"><span class='ocrx_word' id='word_1_359' title='bbox 241 2289 451 2327; x_wconf 87' lang='lat' dir='ltr'><em>clastarum</em></span> <span class='ocrx_word' id='word_1_360' title='bbox 468 2294 646 2339; x_wconf 79' lang='lat' dir='ltr'><em>tempora</em></span> <span class='ocrx_word' id='word_1_361' title='bbox 660 2288 918 2339; x_wconf 80' lang='lat' dir='ltr'><em>pertinentes,</em></span> <span class='ocrx_word' id='word_1_362' title='bbox 949 2300 1033 2324; x_wconf 86' lang='lat' dir='ltr'><em>sum</em></span> <span class='ocrx_word' id='word_1_363' title='bbox 1048 2285 1286 2337; x_wconf 81' lang='lat' dir='ltr'><em>prolaturus,</em></span> <span class='ocrx_word' id='word_1_364' title='bbox 1344 2283 1545 2321; x_wconf 79' lang='lat' dir='ltr'><em>Praeterea</em></span> <span class='ocrx_word' id='word_1_365' title='bbox 1563 2287 1687 2332; x_wconf 76' lang='lat' dir='ltr'><em>agunt</em></span> 
     </span>
     <span class='ocr_line' id='line_1_39' title="bbox 239 2336 1686 2388; baseline -0.006 -6"><span class='ocrx_word' id='word_1_366' title='bbox 239 2345 288 2383; x_wconf 87' lang='lat' dir='ltr'><em>de</em></span> <span class='ocrx_word' id='word_1_367' title='bbox 325 2344 404 2383; x_wconf 85' lang='lat' dir='ltr'><em>hoc</em></span> <span class='ocrx_word' id='word_1_368' title='bbox 437 2344 539 2381; x_wconf 90' lang='lat' dir='ltr'><em>bello</em></span> <span class='ocrx_word' id='word_1_369' title='bbox 573 2344 723 2381; x_wconf 86' lang='lat' dir='ltr'><em>Cretico</em></span> <span class='ocrx_word' id='word_1_370' title='bbox 757 2350 935 2381; x_wconf 81' lang='lat' dir='ltr'><em>auctores</em></span> <span class='ocrx_word' id='word_1_371' title='bbox 961 2342 1059 2380; x_wconf 89' lang='lat' dir='ltr'><em>duo:</em></span> <span class='ocrx_word' id='word_1_372' title='bbox 1096 2341 1195 2378; x_wconf 81' lang='lat' dir='ltr'><em>alter</em></span> <span class='ocrx_word' id='word_1_373' title='bbox 1220 2340 1376 2376; x_wconf 90' lang='lat' dir='ltr'><em>Simeon</em></span> <span class='ocrx_word' id='word_1_374' title='bbox 1404 2336 1615 2388; x_wconf 78' lang='lat' dir='ltr'><em>Logotheta</em></span> <span class='ocrx_word' id='word_1_375' title='bbox 1640 2337 1686 2374; x_wconf 85' lang='lat' dir='ltr'><em>in</em></span> 
     </span>
     <span class='ocr_line' id='line_1_40' title="bbox 240 2392 1683 2449; baseline -0.006 -10"><span class='ocrx_word' id='word_1_376' title='bbox 240 2401 436 2439; x_wconf 85' lang='lat' dir='ltr'><em>Chronico</em></span> <span class='ocrx_word' id='word_1_377' title='bbox 452 2400 544 2438; x_wconf 82' lang='lat' dir='ltr'><em>edit.</em></span> <span class='ocrx_word' id='word_1_378' title='bbox 559 2413 579 2436; x_wconf 86' lang='lat' dir='ltr'><em>a</em></span> <span class='ocrx_word' id='word_1_379' title='bbox 593 2399 792 2437; x_wconf 87' lang='lat' dir='ltr'><em>Combefis.</em></span> <span class='ocrx_word' id='word_1_380' title='bbox 810 2400 1022 2449; x_wconf 83' lang='lat' dir='ltr'><em>Scriptorr.</em></span> <span class='ocrx_word' id='word_1_381' title='bbox 1034 2403 1125 2448; x_wconf 84' lang='lat' dir='ltr'><em>post</em></span> <span class='ocrx_word' id='word_1_382' title='bbox 1137 2395 1363 2446; x_wconf 87' lang='lat' dir='ltr'><em>Theophan.</em></span> <span class='ocrx_word' id='word_1_383' title='bbox 1374 2394 1469 2436; x_wconf 80' lang='lat'><strong>401.</strong></span> <span class='ocrx_word' id='word_1_384' title='bbox 1481 2394 1515 2431; x_wconf 81' lang='lat' dir='ltr'>A</span> <span class='ocrx_word' id='word_1_385' title='bbox 1525 2414 1574 2421; x_wconf 92' lang='lat'>—</span> <span class='ocrx_word' id='word_1_386' title='bbox 1584 2392 1683 2435; x_wconf 83' lang='lat'><strong>498.</strong></span> 
     </span>
     <span class='ocr_line' id='line_1_41' title="bbox 238 2447 1685 2506; baseline -0.006 -12"><span class='ocrx_word' id='word_1_387' title='bbox 238 2457 293 2494; x_wconf 91' lang='lat' dir='ltr'><em>D:</em></span> <span class='ocrx_word' id='word_1_388' title='bbox 333 2457 432 2494; x_wconf 82' lang='lat' dir='ltr'><em>alter</em></span> <span class='ocrx_word' id='word_1_389' title='bbox 463 2456 711 2506; x_wconf 86' lang='lat' dir='ltr'><em>Anonymus,</em></span> <span class='ocrx_word' id='word_1_390' title='bbox 751 2469 867 2505; x_wconf 91' lang='lat' dir='ltr'><em>quem</em></span> <span class='ocrx_word' id='word_1_391' title='bbox 898 2455 969 2491; x_wconf 88' lang='lat' dir='ltr'><em>sub</em></span> <span class='ocrx_word' id='word_1_392' title='bbox 1006 2453 1098 2490; x_wconf 89' lang='lat' dir='ltr'><em>Iulii</em></span> <span class='ocrx_word' id='word_1_393' title='bbox 1125 2451 1295 2489; x_wconf 87' lang='lat' dir='ltr'><em>Pollucis</em></span> <span class='ocrx_word' id='word_1_394' title='bbox 1321 2449 1481 2488; x_wconf 87' lang='lat' dir='ltr'><em>nomine</em></span> <span class='ocrx_word' id='word_1_395' title='bbox 1511 2447 1685 2501; x_wconf 82' lang='lat' dir='ltr'><em>primum</em></span> 
     </span>
     <span class='ocr_line' id='line_1_42' title="bbox 239 2503 1684 2559; baseline -0.008 -8"><span class='ocrx_word' id='word_1_396' title='bbox 239 2513 374 2551; x_wconf 90' lang='lat' dir='ltr'><em>loann.</em></span> <span class='ocrx_word' id='word_1_397' title='bbox 394 2513 439 2551; x_wconf 90' lang='lat' dir='ltr'><em>B.</em></span> <span class='ocrx_word' id='word_1_398' title='bbox 459 2511 705 2559; x_wconf 85' lang='lat' dir='ltr'><em>Bianconius‚</em></span> <span class='ocrx_word' id='word_1_399' title='bbox 734 2510 931 2547; x_wconf 82' lang='lat' dir='ltr'><em>Bononiae</em></span> <span class='ocrx_word' id='word_1_400' title='bbox 954 2512 1071 2551; x_wconf 87' lang='lat'><strong>1779.</strong></span> <span class='ocrx_word' id='word_1_401' title='bbox 1091 2508 1173 2545; x_wconf 84' lang='lat' dir='ltr'><em>Fol.</em></span> <span class='ocrx_word' id='word_1_402' title='bbox 1195 2507 1334 2545; x_wconf 91' lang='lat' dir='ltr'><em>deinde</em></span> <span class='ocrx_word' id='word_1_403' title='bbox 1361 2504 1532 2556; x_wconf 81' lang='lat' dir='ltr'><em>Ignatius</em></span> <span class='ocrx_word' id='word_1_404' title='bbox 1545 2503 1684 2552; x_wconf 81' lang='lat' dir='ltr'><em>Hardt,</em></span> 
     </span>
     <span class='ocr_line' id='line_1_43' title="bbox 208 2558 1684 2619; baseline -0.008 -12"><span class='ocrx_word' id='word_1_405' title='bbox 208 2568 425 2606; x_wconf 84' lang='lat' dir='ltr'><em>CMonachi</em></span> <span class='ocrx_word' id='word_1_406' title='bbox 446 2573 483 2605; x_wconf 84' lang='lat' dir='ltr'><em>et</em></span> <span class='ocrx_word' id='word_1_407' title='bbox 501 2567 652 2619; x_wconf 86' lang='lat' dir='ltr'><em>Lipsiae</em></span> <span class='ocrx_word' id='word_1_408' title='bbox 671 2570 721 2608; x_wconf 89' lang='lat'><em>17</em></span> <span class='ocrx_word' id='word_1_409' title='bbox 725 2569 789 2608; x_wconf 80' lang='lat'><em>92.</em></span> <span class='ocrx_word' id='word_1_410' title='bbox 811 2569 848 2607; x_wconf 89' lang='lat'><em>8.</em></span> <span class='ocrx_word' id='word_1_411' title='bbox 871 2565 1097 2603; x_wconf 87' lang='lat' dir='ltr'><em>ediderunt:</em></span> <span class='ocrx_word' id='word_1_412' title='bbox 1123 2563 1215 2601; x_wconf 85' lang='lat' dir='ltr'><em>vide</em></span> <span class='ocrx_word' id='word_1_413' title='bbox 1234 2562 1382 2601; x_wconf 83' lang='lat' dir='ltr'><em>Harles.</em></span> <span class='ocrx_word' id='word_1_414' title='bbox 1422 2559 1521 2599; x_wconf 85' lang='lat' dir='ltr'><em>Bibl.</em></span> <span class='ocrx_word' id='word_1_415' title='bbox 1546 2558 1684 2596; x_wconf 75' lang='lat' dir='ltr'><em>Graec.</em></span> 
     </span>
     <span class='ocr_line' id='line_1_44' title="bbox 243 2613 1683 2671; baseline -0.008 -8"><span class='ocrx_word' id='word_1_416' title='bbox 243 2625 307 2663; x_wconf 89' lang='lat' dir='ltr'><em>VI.</em></span> <span class='ocrx_word' id='word_1_417' title='bbox 332 2624 422 2666; x_wconf 80' lang='lat'>144.</span> <span class='ocrx_word' id='word_1_418' title='bbox 444 2626 486 2670; x_wconf 61' lang='grc' dir='ltr'><em>ι).</em></span> <span class='ocrx_word' id='word_1_419' title='bbox 529 2624 605 2661; x_wconf 83' lang='lat' dir='ltr'><em>Sed</em></span> <span class='ocrx_word' id='word_1_420' title='bbox 619 2621 887 2671; x_wconf 14' lang='lat' dir='ltr'><em>inrutriusque</em></span> <span class='ocrx_word' id='word_1_421' title='bbox 905 2633 995 2658; x_wconf 89' lang='lat' dir='ltr'><em>cum</em></span> <span class='ocrx_word' id='word_1_422' title='bbox 1013 2619 1219 2656; x_wconf 87' lang='lat' dir='ltr'><em>Bianconii</em></span> <span class='ocrx_word' id='word_1_423' title='bbox 1234 2625 1321 2656; x_wconf 88' lang='lat' dir='ltr'><em>tum</em></span> <span class='ocrx_word' id='word_1_424' title='bbox 1335 2613 1491 2654; x_wconf 79' lang='lat' dir='ltr'><em>Hardtii</em></span> <span class='ocrx_word' id='word_1_425' title='bbox 1510 2613 1683 2652; x_wconf 82' lang='lat' dir='ltr'><em>editione</em></span> 
     </span>
     <span class='ocr_line' id='line_1_45' title="bbox 240 2669 1681 2725; baseline -0.007 -8"><span class='ocrx_word' id='word_1_426' title='bbox 240 2680 364 2717; x_wconf 85' lang='lat' dir='ltr'><em>lulius</em></span> <span class='ocrx_word' id='word_1_427' title='bbox 382 2680 525 2718; x_wconf 85' lang='lat' dir='ltr'><em>Pollux</em></span> <span class='ocrx_word' id='word_1_428' title='bbox 543 2679 688 2717; x_wconf 85' lang='lat' dir='ltr'><em>desinit</em></span> <span class='ocrx_word' id='word_1_429' title='bbox 703 2677 774 2715; x_wconf 91' lang='lat' dir='ltr'><em>sub</em></span> <span class='ocrx_word' id='word_1_430' title='bbox 794 2677 917 2714; x_wconf 85' lang='lat' dir='ltr'><em>initiis</em></span> <span class='ocrx_word' id='word_1_431' title='bbox 938 2675 1117 2714; x_wconf 87' lang='lat' dir='ltr'><em>Gratiani</em></span> <span class='ocrx_word' id='word_1_432' title='bbox 1136 2675 1251 2725; x_wconf 84' lang='lat' dir='ltr'><em>Aug.;</em></span> <span class='ocrx_word' id='word_1_433' title='bbox 1285 2674 1328 2711; x_wconf 92' lang='lat' dir='ltr'><em>in</em></span> <span class='ocrx_word' id='word_1_434' title='bbox 1345 2670 1486 2710; x_wconf 84' lang='lat' dir='ltr'><em>Codice</em></span> <span class='ocrx_word' id='word_1_435' title='bbox 1504 2669 1681 2707; x_wconf 75' lang='lat' dir='ltr'><em>Vatican-</em></span> 
     </span>
     <span class='ocr_line' id='line_1_46' title="bbox 242 2723 1682 2781; baseline -0.009 -5"><span class='ocrx_word' id='word_1_436' title='bbox 242 2736 313 2775; x_wconf 85' lang='lat' dir='ltr'><em>NO.</em></span> <span class='ocrx_word' id='word_1_437' title='bbox 328 2738 418 2777; x_wconf 86' lang='lat'>163.</span> <span class='ocrx_word' id='word_1_438' title='bbox 437 2741 519 2773; x_wconf 80' lang='lat' dir='ltr'><em>n6n</em></span> <span class='ocrx_word' id='word_1_439' title='bbox 537 2735 653 2773; x_wconf 87' lang='lat' dir='ltr'><em>modo</em></span> <span class='ocrx_word' id='word_1_440' title='bbox 674 2740 803 2772; x_wconf 80' lang='lat' dir='ltr'><em>totum</em></span> <span class='ocrx_word' id='word_1_441' title='bbox 825 2732 999 2770; x_wconf 80' lang='lat' dir='ltr'><em>Gratiani</em></span> <span class='ocrx_word' id='word_1_442' title='bbox 1015 2744 1189 2781; x_wconf 85' lang='lat' dir='ltr'><em>regnum,</em></span> <span class='ocrx_word' id='word_1_443' title='bbox 1218 2729 1286 2768; x_wconf 86' lang='lat' dir='ltr'><em>sed</em></span> <span class='ocrx_word' id='word_1_444' title='bbox 1303 2741 1364 2767; x_wconf 89' lang='lat' dir='ltr'><em>res</em></span> <span class='ocrx_word' id='word_1_445' title='bbox 1387 2726 1503 2764; x_wconf 81' lang='lat' dir='ltr'><em>etiam</em></span> <span class='ocrx_word' id='word_1_446' title='bbox 1524 2723 1682 2776; x_wconf 86' lang='lat' dir='ltr'><em>imperii</em></span> 
     </span>
     <span class='ocr_line' id='line_1_47' title="bbox 243 2781 1681 2844; baseline -0.008 -16"><span class='ocrx_word' id='word_1_447' title='bbox 243 2791 454 2830; x_wconf 83' lang='lat' dir='ltr'><em>Orientalis</em></span> <span class='ocrx_word' id='word_1_448' title='bbox 475 2791 745 2844; x_wconf 83' lang='lat' dir='ltr'><em>persequitur,</em></span> <span class='ocrx_word' id='word_1_449' title='bbox 775 2789 826 2827; x_wconf 88' lang='lat' dir='ltr'><em>ad</em></span> <span class='ocrx_word' id='word_1_450' title='bbox 845 2788 1019 2827; x_wconf 87' lang='lat' dir='ltr'><em>medium</em></span> <span class='ocrx_word' id='word_1_451' title='bbox 1034 2800 1157 2838; x_wconf 84' lang='lat' dir='ltr'><em>usque</em></span> <span class='ocrx_word' id='word_1_452' title='bbox 1175 2785 1371 2824; x_wconf 82' lang='lat' dir='ltr'><em>saeculum</em></span> <span class='ocrx_word' id='word_1_453' title='bbox 1387 2783 1439 2822; x_wconf 83' lang='lat' dir='ltr'><em>X.</em></span> <span class='ocrx_word' id='word_1_454' title='bbox 1458 2781 1580 2833; x_wconf 67' lang='lat' dir='ltr'><em>triplo</em></span> <span class='ocrx_word' id='word_1_455' title='bbox 1598 2781 1681 2819; x_wconf 83' lang='lat' dir='ltr'><em>fere</em></span> 
     </span>
    </p>
   </div>
  </div>
 </body>
</html>
