<?xml version="1.0" encoding="UTF-8"?>
<!DOCTYPE html PUBLIC "-//W3C//DTD XHTML 1.0 Transitional//EN"
    "http://www.w3.org/TR/xhtml1/DTD/xhtml1-transitional.dtd">
<html xmlns="http://www.w3.org/1999/xhtml" xml:lang="en" lang="en">
 <head>
  <title>
</title>
<meta http-equiv="Content-Type" content="text/html;charset=utf-8" />
  <meta name='ocr-system' content='tesseract 3.04.00' />
  <meta name='ocr-capabilities' content='ocr_page ocr_carea ocr_par ocr_line ocrx_word'/>
</head>
<body>
  <div class='ocr_page' id='page_1' title='image "./corpusscriptorum33niebuoft_0416.png"; bbox 0 0 1748 3094; ppageno 0'>
   <div class='ocr_carea' id='block_1_1' title="bbox 252 159 1282 213">
    <p class='ocr_par' dir='ltr' id='par_1_1' title="bbox 252 159 1282 213">
     <span class='ocr_line' id='line_1_1' title="bbox 252 159 1282 213; baseline 0.001 -7"><span class='ocrx_word' id='word_1_1' title='bbox 252 159 351 213; x_wconf 72' lang='lat'><strong>372</strong></span> <span class='ocrx_word' id='word_1_2' title='bbox 568 201 572 205; x_wconf 84' lang='lat'><strong>.</strong></span> <span class='ocrx_word' id='word_1_3' title='bbox 653 161 1001 207; x_wconf 87' lang='lat' dir='ltr'><strong>LUITPRANDI</strong></span> <span class='ocrx_word' id='word_1_4' title='bbox 1025 162 1282 207; x_wconf 84' lang='lat' dir='ltr'><strong>LEGATIO</strong></span> 
     </span>
    </p>
   </div>
   <div class='ocr_carea' id='block_1_2' title="bbox 99 265 1676 918">
    <p class='ocr_par' dir='ltr' id='par_1_2' title="bbox 250 265 1676 320">
     <span class='ocr_line' id='line_1_2' title="bbox 250 265 1676 320; baseline -0.004 -11"><span class='ocrx_word' id='word_1_5' title='bbox 250 275 362 319; x_wconf 85' lang='lat' dir='ltr'><strong>rant,</strong></span> <span class='ocrx_word' id='word_1_6' title='bbox 399 267 624 319; x_wconf 84' lang='lat' dir='ltr'><strong>navigantes</strong></span> <span class='ocrx_word' id='word_1_7' title='bbox 658 267 809 306; x_wconf 88' lang='lat' dir='ltr'><strong>decimo</strong></span> <span class='ocrx_word' id='word_1_8' title='bbox 838 267 974 318; x_wconf 87' lang='lat' dir='ltr'><strong>quinto</strong></span> <span class='ocrx_word' id='word_1_9' title='bbox 1010 266 1062 304; x_wconf 86' lang='lat' dir='ltr'><strong>ad</strong></span> <span class='ocrx_word' id='word_1_10' title='bbox 1090 265 1282 319; x_wconf 81' lang='lat' dir='ltr'><strong>Coriphus</strong></span> <span class='ocrx_word' id='word_1_11' title='bbox 1296 267 1575 320; x_wconf 68' lang='lat' dir='ltr'>pervenimus,</span> <span class='ocrx_word' id='word_1_12' title='bbox 1604 266 1676 305; x_wconf 81' lang='lat' dir='ltr'><strong>ubi</strong></span> 
     </span>
    </p>

    <p class='ocr_par' dir='ltr' id='par_1_3' title="bbox 243 332 1676 386">
     <span class='ocr_line' id='line_1_3' title="bbox 243 332 1676 386; baseline -0.001 -13"><span class='ocrx_word' id='word_1_13' title='bbox 243 343 340 376; x_wconf 86' lang='lat' dir='ltr'><strong>ante</strong></span> <span class='ocrx_word' id='word_1_14' title='bbox 361 336 474 375; x_wconf 85' lang='lat' dir='ltr'><strong>navis</strong></span> <span class='ocrx_word' id='word_1_15' title='bbox 501 334 759 386; x_wconf 78' lang='lat' dir='ltr'>egressionem</span> <span class='ocrx_word' id='word_1_16' title='bbox 790 333 964 373; x_wconf 86' lang='lat' dir='ltr'><strong>occurrit</strong></span> <span class='ocrx_word' id='word_1_17' title='bbox 982 332 1095 371; x_wconf 90' lang='lat' dir='ltr'><strong>nobis</strong></span> <span class='ocrx_word' id='word_1_18' title='bbox 1118 339 1302 384; x_wconf 72' lang='lat' dir='ltr'>strategos</span> <span class='ocrx_word' id='word_1_19' title='bbox 1331 333 1490 384; x_wconf 82' lang='lat' dir='ltr'><strong>quidam</strong></span> <span class='ocrx_word' id='word_1_20' title='bbox 1507 332 1676 372; x_wconf 71' lang='lat' dir='ltr'><strong>Michael</strong></span> 
     </span>
    </p>

    <p class='ocr_par' dir='ltr' id='par_1_4' title="bbox 221 397 1675 522">
     <span class='ocr_line' id='line_1_4' title="bbox 221 397 1675 452; baseline -0.003 -11"><span class='ocrx_word' id='word_1_21' title='bbox 221 437 225 440; x_wconf 84' lang='lat'><strong>.</strong></span> <span class='ocrx_word' id='word_1_22' title='bbox 249 402 428 451; x_wconf 86' lang='lat' dir='ltr'><strong>nomine,</strong></span> <span class='ocrx_word' id='word_1_23' title='bbox 458 401 712 440; x_wconf 77' lang='lat' dir='ltr'><strong>chersionitis</strong></span> <span class='ocrx_word' id='word_1_24' title='bbox 733 414 755 438; x_wconf 90' lang='lat' dir='ltr'><strong>a</strong></span> <span class='ocrx_word' id='word_1_25' title='bbox 773 401 861 439; x_wconf 91' lang='lat' dir='ltr'><strong>loco</strong></span> <span class='ocrx_word' id='word_1_26' title='bbox 885 399 1036 438; x_wconf 88' lang='lat' dir='ltr'><strong>scilicet</strong></span> <span class='ocrx_word' id='word_1_27' title='bbox 1057 398 1275 438; x_wconf 65' lang='lat' dir='ltr'><strong>Chersone:</strong></span> <span class='ocrx_word' id='word_1_28' title='bbox 1306 397 1425 438; x_wconf 87' lang='lat' dir='ltr'><strong>homo</strong></span> <span class='ocrx_word' id='word_1_29' title='bbox 1446 399 1675 452; x_wconf 83' lang='lat' dir='ltr'><strong>ipse.canus</strong></span> 
     </span>
     <span class='ocr_line' id='line_1_5' title="bbox 247 464 1673 522; baseline -0.003 -15"><span class='ocrx_word' id='word_1_30' title='bbox 247 468 394 522; x_wconf 82' lang='lat' dir='ltr'><strong>capite,</strong></span> <span class='ocrx_word' id='word_1_31' title='bbox 422 468 519 507; x_wconf 87' lang='lat' dir='ltr'><strong>facie</strong></span> <span class='ocrx_word' id='word_1_32' title='bbox 535 467 691 516; x_wconf 85' lang='lat' dir='ltr'><strong>hilaris,</strong></span> <span class='ocrx_word' id='word_1_33' title='bbox 719 480 897 505; x_wconf 82' lang='lat' dir='ltr'><strong>sermone</strong></span> <span class='ocrx_word' id='word_1_34' title='bbox 912 467 1061 515; x_wconf 88' lang='lat' dir='ltr'><strong>bonus,</strong></span> <span class='ocrx_word' id='word_1_35' title='bbox 1087 466 1173 505; x_wconf 88' lang='lat' dir='ltr'><strong>risu</strong></span> <span class='ocrx_word' id='word_1_36' title='bbox 1190 479 1340 518; x_wconf 84' lang='lat' dir='ltr'><strong>semper</strong></span> <span class='ocrx_word' id='word_1_37' title='bbox 1354 465 1564 514; x_wconf 87' lang='lat' dir='ltr'><strong>iucundus,</strong></span> <span class='ocrx_word' id='word_1_38' title='bbox 1591 464 1673 514; x_wconf 86' lang='lat' dir='ltr'><strong>sed,</strong></span> 
     </span>
    </p>

    <p class='ocr_par' dir='ltr' id='par_1_5' title="bbox 245 530 1673 719">
     <span class='ocr_line' id='line_1_6' title="bbox 246 530 1673 588; baseline -0.004 -14"><span class='ocrx_word' id='word_1_39' title='bbox 246 542 293 574; x_wconf 84' lang='lat' dir='ltr'><strong>ut</strong></span> <span class='ocrx_word' id='word_1_40' title='bbox 307 541 397 588; x_wconf 87' lang='lat' dir='ltr'><strong>post</strong></span> <span class='ocrx_word' id='word_1_41' title='bbox 413 534 561 587; x_wconf 85' lang='lat' dir='ltr'><strong>patuit,</strong></span> <span class='ocrx_word' id='word_1_42' title='bbox 596 540 725 572; x_wconf 87' lang='lat' dir='ltr'><strong>mente</strong></span> <span class='ocrx_word' id='word_1_43' title='bbox 751 534 948 572; x_wconf 84' lang='lat' dir='ltr'><strong>diabolus:</strong></span> <span class='ocrx_word' id='word_1_44' title='bbox 977 532 1083 584; x_wconf 90' lang='lat' dir='ltr'><strong>quod</strong></span> <span class='ocrx_word' id='word_1_45' title='bbox 1103 539 1143 570; x_wconf 87' lang='lat' dir='ltr'><strong>et</strong></span> <span class='ocrx_word' id='word_1_46' title='bbox 1160 534 1263 572; x_wconf 88' lang='lat' dir='ltr'><strong>Deus</strong></span> <span class='ocrx_word' id='word_1_47' title='bbox 1284 532 1426 585; x_wconf 77' lang='lat' dir='ltr'><strong>apertis</strong></span> <span class='ocrx_word' id='word_1_48' title='bbox 1445 530 1542 570; x_wconf 85' lang='lat' dir='ltr'><strong>mihi</strong></span> <span class='ocrx_word' id='word_1_49' title='bbox 1554 544 1673 569; x_wconf 88' lang='lat' dir='ltr'><strong>mon-</strong></span> 
     </span>
     <span class='ocr_line' id='line_1_7' title="bbox 245 598 1673 650; baseline -0.004 -9"><span class='ocrx_word' id='word_1_50' title='bbox 245 603 387 641; x_wconf 86' lang='lat' dir='ltr'><strong>stravit</strong></span> <span class='ocrx_word' id='word_1_51' title='bbox 410 601 590 648; x_wconf 82' lang='lat' dir='ltr'><strong>indiciis,</strong></span> <span class='ocrx_word' id='word_1_52' title='bbox 618 601 653 639; x_wconf 88' lang='lat' dir='ltr'><strong>si</strong></span> <span class='ocrx_word' id='word_1_53' title='bbox 672 615 756 639; x_wconf 89' lang='lat' dir='ltr'><strong>mea</strong></span> <span class='ocrx_word' id='word_1_54' title='bbox 782 607 879 639; x_wconf 86' lang='lat' dir='ltr'><strong>tunc</strong></span> <span class='ocrx_word' id='word_1_55' title='bbox 899 613 1007 638; x_wconf 88' lang='lat' dir='ltr'><strong>mens</strong></span> <span class='ocrx_word' id='word_1_56' title='bbox 1027 598 1105 637; x_wconf 88' lang='lat' dir='ltr'><strong>hoc</strong></span> <span class='ocrx_word' id='word_1_57' title='bbox 1128 598 1316 650; x_wconf 86' lang='lat' dir='ltr'><strong>potuisset</strong></span> <span class='ocrx_word' id='word_1_58' title='bbox 1333 598 1548 648; x_wconf 81' lang='lat' dir='ltr'><strong>coniicere3</strong></span> <span class='ocrx_word' id='word_1_59' title='bbox 1577 611 1673 636; x_wconf 82' lang='lat' dir='ltr'><strong>mox</strong></span> 
     </span>
     <span class='ocr_line' id='line_1_8' title="bbox 245 663 1671 719; baseline -0.003 -13"><span class='ocrx_word' id='word_1_60' title='bbox 245 670 368 718; x_wconf 88' lang='lat' dir='ltr'><strong>enim,</strong></span> <span class='ocrx_word' id='word_1_61' title='bbox 397 674 444 706; x_wconf 83' lang='lat' dir='ltr'><strong>ut</strong></span> <span class='ocrx_word' id='word_1_62' title='bbox 473 680 633 719; x_wconf 86' lang='lat' dir='ltr'><strong>pacem,</strong></span> <span class='ocrx_word' id='word_1_63' title='bbox 669 681 782 718; x_wconf 90' lang='lat' dir='ltr'><strong>quam</strong></span> <span class='ocrx_word' id='word_1_64' title='bbox 809 666 926 705; x_wconf 86' lang='lat' dir='ltr'><strong>corde</strong></span> <span class='ocrx_word' id='word_1_65' title='bbox 952 679 1034 703; x_wconf 88' lang='lat' dir='ltr'><strong>non</strong></span> <span class='ocrx_word' id='word_1_66' title='bbox 1064 665 1231 714; x_wconf 85' lang='lat' dir='ltr'><strong>ferebat,</strong></span> <span class='ocrx_word' id='word_1_67' title='bbox 1266 664 1363 703; x_wconf 89' lang='lat' dir='ltr'><strong>mihi</strong></span> <span class='ocrx_word' id='word_1_68' title='bbox 1391 665 1526 703; x_wconf 91' lang='lat' dir='ltr'><strong>osculo</strong></span> <span class='ocrx_word' id='word_1_69' title='bbox 1549 663 1671 713; x_wconf 82' lang='lat' dir='ltr'><strong>dedit,</strong></span> 
     </span>
    </p>

    <p class='ocr_par' dir='ltr' id='par_1_6' title="bbox 208 731 1674 851">
     <span class='ocr_line' id='line_1_9' title="bbox 241 731 1671 786; baseline -0.003 -13"><span class='ocrx_word' id='word_1_70' title='bbox 241 741 326 773; x_wconf 87' lang='lat' dir='ltr'><strong>tota</strong></span> <span class='ocrx_word' id='word_1_71' title='bbox 354 733 547 786; x_wconf 90' lang='lat' dir='ltr'><strong>Coriphus</strong></span> <span class='ocrx_word' id='word_1_72' title='bbox 566 747 704 784; x_wconf 88' lang='lat' dir='ltr'><strong>magna</strong></span> <span class='ocrx_word' id='word_1_73' title='bbox 723 733 872 772; x_wconf 88' lang='lat' dir='ltr'><strong>scilicet</strong></span> <span class='ocrx_word' id='word_1_74' title='bbox 890 733 1020 771; x_wconf 72' lang='lat' dir='ltr'><strong>insula</strong></span> <span class='ocrx_word' id='word_1_75' title='bbox 1055 731 1238 785; x_wconf 77' lang='lat' dir='ltr'><strong>tremuit:</strong></span> <span class='ocrx_word' id='word_1_76' title='bbox 1271 744 1347 770; x_wconf 88' lang='lat' dir='ltr'><strong>nec</strong></span> <span class='ocrx_word' id='word_1_77' title='bbox 1380 731 1507 770; x_wconf 87' lang='lat' dir='ltr'><strong>solum</strong></span> <span class='ocrx_word' id='word_1_78' title='bbox 1539 732 1671 781; x_wconf 87' lang='lat' dir='ltr'><strong>semel,</strong></span> 
     </span>
     <span class='ocr_line' id='line_1_10' title="bbox 208 798 1674 851; baseline -0.002 -12"><span class='ocrx_word' id='word_1_79' title='bbox 208 800 317 839; x_wconf 88' lang='lat' dir='ltr'><strong>Dsed</strong></span> <span class='ocrx_word' id='word_1_80' title='bbox 343 807 403 838; x_wconf 89' lang='lat' dir='ltr'><strong>ter</strong></span> <span class='ocrx_word' id='word_1_81' title='bbox 425 801 555 838; x_wconf 91' lang='lat' dir='ltr'><strong>eadem</strong></span> <span class='ocrx_word' id='word_1_82' title='bbox 585 800 648 838; x_wconf 84' lang='lat' dir='ltr'><strong>die</strong></span> <span class='ocrx_word' id='word_1_83' title='bbox 672 800 915 851; x_wconf 86' lang='lat' dir='ltr'><strong>pertremuit.</strong></span> <span class='ocrx_word' id='word_1_84' title='bbox 971 800 1141 850; x_wconf 85' lang='lat' dir='ltr'><strong>Postque</strong></span> <span class='ocrx_word' id='word_1_85' title='bbox 1174 798 1350 837; x_wconf 86' lang='lat' dir='ltr'><strong>triduum</strong></span> <span class='ocrx_word' id='word_1_86' title='bbox 1378 805 1527 847; x_wconf 88' lang='lat' dir='ltr'><strong>autem,</strong></span> <span class='ocrx_word' id='word_1_87' title='bbox 1564 798 1674 837; x_wconf 88' lang='lat' dir='ltr'><strong>deci-</strong></span> 
     </span>
    </p>

    <p class='ocr_par' dir='ltr' id='par_1_7' title="bbox 99 864 1671 918">
     <span class='ocr_line' id='line_1_11' title="bbox 99 864 1671 918; baseline -0.003 -12"><span class='ocrx_word' id='word_1_88' title='bbox 99 871 174 906; x_wconf 87' lang='lat' dir='ltr'><strong>Col.</strong></span> <span class='ocrx_word' id='word_1_89' title='bbox 196 873 220 908; x_wconf 87' lang='grc'><strong>2</strong></span> <span class='ocrx_word' id='word_1_90' title='bbox 242 882 307 907; x_wconf 87' lang='lat' dir='ltr'><strong>mo</strong></span> <span class='ocrx_word' id='word_1_91' title='bbox 327 867 464 918; x_wconf 87' lang='lat' dir='ltr'><strong>quinto</strong></span> <span class='ocrx_word' id='word_1_92' title='bbox 483 866 633 904; x_wconf 88' lang='lat' dir='ltr'><strong>scilicet</strong></span> <span class='ocrx_word' id='word_1_93' title='bbox 648 867 811 905; x_wconf 88' lang='lat' dir='ltr'><strong>Kalend.</strong></span> <span class='ocrx_word' id='word_1_94' title='bbox 830 865 1070 914; x_wconf 86' lang='lat' dir='ltr'><strong>Decembris,</strong></span> <span class='ocrx_word' id='word_1_95' title='bbox 1101 865 1194 903; x_wconf 85' lang='lat' dir='ltr'><strong>dum</strong></span> <span class='ocrx_word' id='word_1_96' title='bbox 1213 864 1255 902; x_wconf 93' lang='lat' dir='ltr'><strong>in</strong></span> <span class='ocrx_word' id='word_1_97' title='bbox 1270 878 1402 903; x_wconf 85' lang='lat' dir='ltr'><strong>mensa</strong></span> <span class='ocrx_word' id='word_1_98' title='bbox 1422 865 1574 917; x_wconf 86' lang='lat' dir='ltr'><strong>positus</strong></span> <span class='ocrx_word' id='word_1_99' title='bbox 1591 878 1671 917; x_wconf 50' lang='lat' dir='ltr'><strong>⁴pa-</strong></span> 
     </span>
    </p>
   </div>
   <div class='ocr_carea' id='block_1_3' title="bbox 241 931 1673 984">
    <p class='ocr_par' dir='ltr' id='par_1_8' title="bbox 241 931 1673 984">
     <span class='ocr_line' id='line_1_12' title="bbox 241 931 1673 984; baseline -0.002 -12"><span class='ocrx_word' id='word_1_100' title='bbox 241 948 331 973; x_wconf 87' lang='lat' dir='ltr'><strong>nem</strong></span> <span class='ocrx_word' id='word_1_101' title='bbox 361 933 623 982; x_wconf 85' lang='lat' dir='ltr'><strong>comederem,</strong></span> <span class='ocrx_word' id='word_1_102' title='bbox 653 933 722 984; x_wconf 86' lang='lat' dir='ltr'><strong>qui</strong></span> <span class='ocrx_word' id='word_1_103' title='bbox 743 932 952 984; x_wconf 84' lang='lat' dir='ltr'><strong>ampliabat</strong></span> <span class='ocrx_word' id='word_1_104' title='bbox 971 945 1090 983; x_wconf 85' lang='lat' dir='ltr'><strong>super</strong></span> <span class='ocrx_word' id='word_1_105' title='bbox 1107 944 1170 969; x_wconf 90' lang='lat' dir='ltr'><strong>me</strong></span> <span class='ocrx_word' id='word_1_106' title='bbox 1192 931 1415 969; x_wconf 83' lang='lat' dir='ltr'><strong>calcaneum</strong></span> <span class='ocrx_word' id='word_1_107' title='bbox 1436 944 1568 980; x_wconf 89' lang='lat' dir='ltr'><strong>suum,</strong></span> <span class='ocrx_word' id='word_1_108' title='bbox 1594 944 1673 969; x_wconf 79' lang='lat' dir='ltr'><strong>ve-</strong></span> 
     </span>
    </p>
   </div>
   <div class='ocr_carea' id='block_1_4' title="bbox 198 997 1673 2640">
    <p class='ocr_par' dir='ltr' id='par_1_9' title="bbox 198 997 1673 2640">
     <span class='ocr_line' id='line_1_13' title="bbox 241 997 1669 1048; baseline -0.003 -9"><span class='ocrx_word' id='word_1_109' title='bbox 241 999 475 1040; x_wconf 84' lang='lat' dir='ltr'><strong>recundatus</strong></span> <span class='ocrx_word' id='word_1_110' title='bbox 494 999 552 1036; x_wconf 89' lang='lat' dir='ltr'><strong>sol</strong></span> <span class='ocrx_word' id='word_1_111' title='bbox 572 999 724 1037; x_wconf 87' lang='lat' dir='ltr'><strong>facinus</strong></span> <span class='ocrx_word' id='word_1_112' title='bbox 744 1005 824 1036; x_wconf 86' lang='lat' dir='ltr'><strong>tam</strong></span> <span class='ocrx_word' id='word_1_113' title='bbox 843 998 1044 1048; x_wconf 84' lang='lat' dir='ltr'><strong>indignum</strong></span> <span class='ocrx_word' id='word_1_114' title='bbox 1069 997 1171 1035; x_wconf 89' lang='lat' dir='ltr'><strong>lucis</strong></span> <span class='ocrx_word' id='word_1_115' title='bbox 1194 1010 1285 1036; x_wconf 89' lang='lat' dir='ltr'><strong>suae</strong></span> <span class='ocrx_word' id='word_1_116' title='bbox 1303 997 1434 1035; x_wconf 88' lang='lat' dir='ltr'><strong>radios</strong></span> <span class='ocrx_word' id='word_1_117' title='bbox 1453 997 1669 1046; x_wconf 80' lang='lat' dir='ltr'><strong>abscondit,</strong></span> 
     </span>
     <span class='ocr_line' id='line_1_14' title="bbox 241 1062 1673 1118; baseline -0.003 -13"><span class='ocrx_word' id='word_1_118' title='bbox 241 1073 281 1105; x_wconf 87' lang='lat' dir='ltr'><strong>et</strong></span> <span class='ocrx_word' id='word_1_119' title='bbox 306 1065 470 1118; x_wconf 89' lang='lat' dir='ltr'><strong>eclipsin</strong></span> <span class='ocrx_word' id='word_1_120' title='bbox 490 1062 546 1118; x_wconf 80' lang='lat'><strong>4¹)</strong></span> <span class='ocrx_word' id='word_1_121' title='bbox 575 1080 709 1116; x_wconf 87' lang='lat' dir='ltr'><strong>passus</strong></span> <span class='ocrx_word' id='word_1_122' title='bbox 747 1064 977 1103; x_wconf 62' lang='lat' dir='ltr'><strong>michaelem</strong></span> <span class='ocrx_word' id='word_1_123' title='bbox 1007 1064 1120 1101; x_wconf 88' lang='lat' dir='ltr'><strong>illum</strong></span> <span class='ocrx_word' id='word_1_124' title='bbox 1145 1065 1287 1103; x_wconf 84' lang='lat' dir='ltr'><strong>terruit</strong></span> <span class='ocrx_word' id='word_1_125' title='bbox 1310 1064 1380 1103; x_wconf 86' lang='lat' dir='ltr'><strong>sed</strong></span> <span class='ocrx_word' id='word_1_126' title='bbox 1409 1077 1491 1102; x_wconf 89' lang='lat' dir='ltr'><strong>non</strong></span> <span class='ocrx_word' id='word_1_127' title='bbox 1518 1064 1673 1101; x_wconf 89' lang='lat' dir='ltr'><strong>immu-</strong></span> 
     </span>
     <span class='ocr_line' id='line_1_15' title="bbox 239 1130 1668 1182; baseline -0.002 -11"><span class='ocrx_word' id='word_1_128' title='bbox 239 1133 353 1172; x_wconf 83' lang='lat' dir='ltr'><strong>tavit.</strong></span> <span class='ocrx_word' id='word_1_129' title='bbox 408 1132 542 1169; x_wconf 87' lang='lat' dir='ltr'><strong>Dicam</strong></span> <span class='ocrx_word' id='word_1_130' title='bbox 566 1145 675 1181; x_wconf 85' lang='lat' dir='ltr'><strong>ergo,</strong></span> <span class='ocrx_word' id='word_1_131' title='bbox 706 1131 800 1182; x_wconf 84' lang='lat' dir='ltr'><strong>quid</strong></span> <span class='ocrx_word' id='word_1_132' title='bbox 829 1132 891 1169; x_wconf 91' lang='lat' dir='ltr'><strong>illi</strong></span> <span class='ocrx_word' id='word_1_133' title='bbox 916 1145 1028 1169; x_wconf 85' lang='lat' dir='ltr'><strong>causa</strong></span> <span class='ocrx_word' id='word_1_134' title='bbox 1055 1130 1247 1169; x_wconf 82' lang='lat' dir='ltr'><strong>amicitiae</strong></span> <span class='ocrx_word' id='word_1_135' title='bbox 1276 1131 1454 1180; x_wconf 84' lang='lat' dir='ltr'><strong>fecerim,</strong></span> <span class='ocrx_word' id='word_1_136' title='bbox 1485 1130 1668 1182; x_wconf 87' lang='lat' dir='ltr'><strong>quidnam</strong></span> 
     </span>
     <span class='ocr_line' id='line_1_16' title="bbox 239 1197 1668 1250; baseline -0.001 -13"><span class='ocrx_word' id='word_1_137' title='bbox 239 1199 287 1237; x_wconf 88' lang='lat' dir='ltr'><strong>ab</strong></span> <span class='ocrx_word' id='word_1_138' title='bbox 311 1212 355 1237; x_wconf 91' lang='lat' dir='ltr'><strong>eo</strong></span> <span class='ocrx_word' id='word_1_139' title='bbox 382 1211 456 1250; x_wconf 87' lang='lat' dir='ltr'><strong>pro</strong></span> <span class='ocrx_word' id='word_1_140' title='bbox 474 1198 830 1249; x_wconf 80' lang='lat' dir='ltr'><strong>recompensatione</strong></span> <span class='ocrx_word' id='word_1_141' title='bbox 858 1197 1108 1250; x_wconf 83' lang='lat' dir='ltr'><strong>perceperim.</strong></span> <span class='ocrx_word' id='word_1_142' title='bbox 1164 1198 1265 1235; x_wconf 91' lang='lat' dir='ltr'><strong>Dum</strong></span> <span class='ocrx_word' id='word_1_143' title='bbox 1287 1197 1668 1250; x_wconf 82' lang='lat' dir='ltr'><strong>Constantinopolim</strong></span> 
     </span>
     <span class='ocr_line' id='line_1_17' title="bbox 209 1264 1668 1317; baseline -0.002 -13"><span class='ocrx_word' id='word_1_144' title='bbox 209 1310 211 1313; x_wconf 89' lang='lat'><strong>.</strong></span> <span class='ocrx_word' id='word_1_145' title='bbox 238 1265 509 1313; x_wconf 81' lang='lat' dir='ltr'><strong>ascenderem,</strong></span> <span class='ocrx_word' id='word_1_146' title='bbox 547 1265 648 1303; x_wconf 84' lang='lat' dir='ltr'><strong>illud</strong></span> <span class='ocrx_word' id='word_1_147' title='bbox 674 1272 846 1304; x_wconf 89' lang='lat' dir='ltr'><strong>vestrum</strong></span> <span class='ocrx_word' id='word_1_148' title='bbox 876 1266 1197 1317; x_wconf 85' lang='lat' dir='ltr'><strong>pretiosissimum</strong></span> <span class='ocrx_word' id='word_1_149' title='bbox 1229 1269 1384 1304; x_wconf 80' lang='lat' dir='ltr'><strong>scutum</strong></span> <span class='ocrx_word' id='word_1_150' title='bbox 1413 1264 1512 1303; x_wconf 88' lang='lat' dir='ltr'><strong>miro</strong></span> <span class='ocrx_word' id='word_1_151' title='bbox 1548 1276 1668 1316; x_wconf 86' lang='lat' dir='ltr'><strong>opere</strong></span> 
     </span>
     <span class='ocr_line' id='line_1_18' title="bbox 240 1330 1665 1382; baseline -0.001 -12"><span class='ocrx_word' id='word_1_152' title='bbox 240 1333 466 1370; x_wconf 87' lang='lat' dir='ltr'><strong>deauratum</strong></span> <span class='ocrx_word' id='word_1_153' title='bbox 494 1337 532 1369; x_wconf 83' lang='lat' dir='ltr'><strong>et</strong></span> <span class='ocrx_word' id='word_1_154' title='bbox 570 1332 824 1381; x_wconf 81' lang='lat' dir='ltr'><strong>fabricatum,</strong></span> <span class='ocrx_word' id='word_1_155' title='bbox 857 1333 963 1382; x_wconf 88' lang='lat' dir='ltr'><strong>quod</strong></span> <span class='ocrx_word' id='word_1_156' title='bbox 988 1332 1084 1370; x_wconf 83' lang='lat' dir='ltr'><strong>mihi</strong></span> <span class='ocrx_word' id='word_1_157' title='bbox 1112 1330 1266 1368; x_wconf 88' lang='lat' dir='ltr'><strong>Domini</strong></span> <span class='ocrx_word' id='word_1_158' title='bbox 1299 1330 1376 1368; x_wconf 86' lang='lat' dir='ltr'><strong>mei</strong></span> <span class='ocrx_word' id='word_1_159' title='bbox 1401 1330 1564 1381; x_wconf 86' lang='lat' dir='ltr'><strong>Augusti</strong></span> <span class='ocrx_word' id='word_1_160' title='bbox 1592 1330 1665 1368; x_wconf 86' lang='lat' dir='ltr'><strong>de·-</strong></span> 
     </span>
     <span class='ocr_line' id='line_1_19' title="bbox 241 1397 1662 1448; baseline -0.001 -12"><span class='ocrx_word' id='word_1_161' title='bbox 241 1399 371 1448; x_wconf 84' lang='lat' dir='ltr'><strong>distis,</strong></span> <span class='ocrx_word' id='word_1_162' title='bbox 403 1397 563 1436; x_wconf 89' lang='lat' dir='ltr'><strong>caeteris</strong></span> <span class='ocrx_word' id='word_1_163' title='bbox 596 1412 683 1436; x_wconf 93' lang='lat' dir='ltr'><strong>cum</strong></span> <span class='ocrx_word' id='word_1_164' title='bbox 712 1398 957 1447; x_wconf 87' lang='lat' dir='ltr'><strong>muneribus,</strong></span> <span class='ocrx_word' id='word_1_165' title='bbox 985 1405 1031 1436; x_wconf 84' lang='lat' dir='ltr'><strong>ut</strong></span> <span class='ocrx_word' id='word_1_166' title='bbox 1062 1397 1194 1435; x_wconf 89' lang='lat' dir='ltr'><strong>amicis</strong></span> <span class='ocrx_word' id='word_1_167' title='bbox 1217 1397 1311 1434; x_wconf 82' lang='lat' dir='ltr'><strong>meis</strong></span> <span class='ocrx_word' id='word_1_168' title='bbox 1338 1397 1494 1435; x_wconf 87' lang='lat' dir='ltr'><strong>Graecis</strong></span> <span class='ocrx_word' id='word_1_169' title='bbox 1517 1397 1662 1444; x_wconf 83' lang='lat' dir='ltr'><strong>darem,</strong></span> 
     </span>
     <span class='ocr_line' id='line_1_20' title="bbox 237 1463 1665 1516; baseline -0.003 -13"><span class='ocrx_word' id='word_1_170' title='bbox 237 1465 320 1503; x_wconf 86' lang='lat' dir='ltr'><strong>filio</strong></span> <span class='ocrx_word' id='word_1_171' title='bbox 342 1465 466 1516; x_wconf 89' lang='lat' dir='ltr'><strong>ipsius</strong></span> <span class='ocrx_word' id='word_1_172' title='bbox 484 1463 648 1502; x_wconf 78' lang='lat' dir='ltr'><strong>contuli.</strong></span> <span class='ocrx_word' id='word_1_173' title='bbox 704 1464 818 1502; x_wconf 85' lang='lat' dir='ltr'><strong>Nunc</strong></span> <span class='ocrx_word' id='word_1_174' title='bbox 833 1464 1210 1516; x_wconf 82' lang='lat' dir='ltr'><strong>Constantinopolim</strong></span> <span class='ocrx_word' id='word_1_175' title='bbox 1234 1463 1387 1502; x_wconf 87' lang='lat' dir='ltr'><strong>rediens</strong></span> <span class='ocrx_word' id='word_1_176' title='bbox 1406 1469 1556 1515; x_wconf 81' lang='lat' dir='ltr'><strong>patrem</strong></span> <span class='ocrx_word' id='word_1_177' title='bbox 1573 1463 1665 1514; x_wconf 91' lang='lat' dir='ltr'><strong>pal-</strong></span> 
     </span>
     <span class='ocr_line' id='line_1_21' title="bbox 237 1528 1663 1582; baseline -0.001 -13"><span class='ocrx_word' id='word_1_178' title='bbox 237 1532 293 1569; x_wconf 91' lang='lat' dir='ltr'><strong>lio</strong></span> <span class='ocrx_word' id='word_1_179' title='bbox 327 1531 468 1569; x_wconf 90' lang='lat' dir='ltr'><strong>donavi</strong></span> <span class='ocrx_word' id='word_1_180' title='bbox 494 1529 791 1582; x_wconf 81' lang='lat' dir='ltr'><strong>pretiosissim03</strong></span> <span class='ocrx_word' id='word_1_181' title='bbox 829 1545 901 1582; x_wconf 90' lang='lat' dir='ltr'><strong>pro</strong></span> <span class='ocrx_word' id='word_1_182' title='bbox 929 1531 1070 1582; x_wconf 82' lang='lat' dir='ltr'><strong>quibus</strong></span> <span class='ocrx_word' id='word_1_183' title='bbox 1099 1529 1275 1568; x_wconf 88' lang='lat' dir='ltr'><strong>omnibus</strong></span> <span class='ocrx_word' id='word_1_184' title='bbox 1298 1529 1438 1579; x_wconf 81' lang='lat' dir='ltr'><strong>gratias</strong></span> <span class='ocrx_word' id='word_1_185' title='bbox 1466 1528 1663 1567; x_wconf 84' lang='lat' dir='ltr'><strong>distribuit</strong></span> 
     </span>
     <span class='ocr_line' id='line_1_22' title="bbox 204 1595 1662 1648; baseline -0.001 -12"><span class='ocrx_word' id='word_1_186' title='bbox 204 1597 442 1637; x_wconf 81' lang='lat' dir='ltr'><strong>Beiusmodi.</strong></span> <span class='ocrx_word' id='word_1_187' title='bbox 499 1596 663 1647; x_wconf 81' lang='lat' dir='ltr'><strong>Scripsit</strong></span> <span class='ocrx_word' id='word_1_188' title='bbox 681 1595 943 1648; x_wconf 88' lang='lat' dir='ltr'><strong>Nicephorus‚</strong></span> <span class='ocrx_word' id='word_1_189' title='bbox 972 1603 1016 1634; x_wconf 91' lang='lat' dir='ltr'><strong>ut</strong></span> <span class='ocrx_word' id='word_1_190' title='bbox 1043 1609 1284 1648; x_wconf 89' lang='lat' dir='ltr'><strong>quacumque</strong></span> <span class='ocrx_word' id='word_1_191' title='bbox 1310 1595 1407 1634; x_wconf 87' lang='lat' dir='ltr'><strong>hora</strong></span> <span class='ocrx_word' id='word_1_192' title='bbox 1437 1608 1477 1634; x_wconf 87' lang='lat' dir='ltr'><strong>se</strong></span> <span class='ocrx_word' id='word_1_193' title='bbox 1503 1596 1662 1646; x_wconf 74' lang='lat' dir='ltr'><strong>adirem,</strong></span> 
     </span>
     <span class='ocr_line' id='line_1_23' title="bbox 237 1662 1664 1715; baseline -0.001 -14"><span class='ocrx_word' id='word_1_194' title='bbox 237 1664 379 1715; x_wconf 89' lang='lat' dir='ltr'><strong>absque</strong></span> <span class='ocrx_word' id='word_1_195' title='bbox 395 1676 501 1700; x_wconf 89' lang='lat' dir='ltr'><strong>mora</strong></span> <span class='ocrx_word' id='word_1_196' title='bbox 521 1662 724 1700; x_wconf 87' lang='lat' dir='ltr'><strong>chelandio</strong></span> <span class='ocrx_word' id='word_1_197' title='bbox 741 1662 962 1713; x_wconf 82' lang='lat' dir='ltr'><strong>impositum</strong></span> <span class='ocrx_word' id='word_1_198' title='bbox 978 1664 1097 1701; x_wconf 87' lang='lat' dir='ltr'><strong>Leoni</strong></span> <span class='ocrx_word' id='word_1_199' title='bbox 1113 1663 1310 1702; x_wconf 88' lang='lat' dir='ltr'><strong>Kitonitae</strong></span> <span class='ocrx_word' id='word_1_200' title='bbox 1327 1663 1506 1712; x_wconf 79' lang='lat' dir='ltr'><strong>dirigeret</strong></span> <span class='ocrx_word' id='word_1_201' title='bbox 1513 1676 1526 1711; x_wconf 77' lang='lat'>3</span> <span class='ocrx_word' id='word_1_202' title='bbox 1555 1663 1664 1713; x_wconf 90' lang='lat' dir='ltr'><strong>quod</strong></span> 
     </span>
     <span class='ocr_line' id='line_1_24' title="bbox 235 1718 1662 1780; baseline 0.001 -15"><span class='ocrx_word' id='word_1_203' title='bbox 235 1729 322 1780; x_wconf 89' lang='lat' dir='ltr'><strong>ipse</strong></span> <span class='ocrx_word' id='word_1_204' title='bbox 340 1741 420 1767; x_wconf 89' lang='lat' dir='ltr'><strong>non</strong></span> <span class='ocrx_word' id='word_1_205' title='bbox 446 1728 539 1766; x_wconf 86' lang='lat' dir='ltr'><strong>fecit</strong></span> <span class='ocrx_word' id='word_1_206' title='bbox 552 1740 565 1766; x_wconf 73' lang='grc' dir='ltr'><strong><em>ε</em></strong></span> <span class='ocrx_word' id='word_1_207' title='bbox 593 1741 729 1766; x_wconf 85' lang='lat' dir='ltr'><strong>verum</strong></span> <span class='ocrx_word' id='word_1_208' title='bbox 756 1729 890 1766; x_wconf 88' lang='lat' dir='ltr'><strong>diebus</strong></span> <span class='ocrx_word' id='word_1_209' title='bbox 911 1729 1052 1779; x_wconf 86' lang='lat' dir='ltr'><strong>viginti</strong></span> <span class='ocrx_word' id='word_1_210' title='bbox 1070 1744 1131 1770; x_wconf 88' lang='lat' dir='ltr'><strong>me</strong></span> <span class='ocrx_word' id='word_1_211' title='bbox 1149 1718 1346 1769; x_wconf 85' lang='lat' dir='ltr'><strong>retentum</strong></span> <span class='ocrx_word' id='word_1_212' title='bbox 1363 1743 1444 1767; x_wconf 89' lang='lat' dir='ltr'><strong>non</strong></span> <span class='ocrx_word' id='word_1_213' title='bbox 1464 1729 1563 1778; x_wconf 82' lang='lat' dir='ltr'><strong>suis,</strong></span> <span class='ocrx_word' id='word_1_214' title='bbox 1593 1729 1662 1768; x_wconf 87' lang='lat' dir='ltr'><strong>sed</strong></span> 
     </span>
     <span class='ocr_line' id='line_1_25' title="bbox 237 1795 1661 1850; baseline 0.001 -17"><span class='ocrx_word' id='word_1_215' title='bbox 237 1795 409 1846; x_wconf 87' lang='lat' dir='ltr'><strong>propriis</strong></span> <span class='ocrx_word' id='word_1_216' title='bbox 438 1807 499 1832; x_wconf 87' lang='lat' dir='ltr'><strong>me</strong></span> <span class='ocrx_word' id='word_1_217' title='bbox 527 1795 730 1846; x_wconf 84' lang='lat' dir='ltr'><strong>stipendiis</strong></span> <span class='ocrx_word' id='word_1_218' title='bbox 767 1796 887 1845; x_wconf 87' lang='lat' dir='ltr'><strong>aluit,</strong></span> <span class='ocrx_word' id='word_1_219' title='bbox 929 1795 1053 1833; x_wconf 89' lang='lat' dir='ltr'><strong>donec</strong></span> <span class='ocrx_word' id='word_1_220' title='bbox 1085 1812 1107 1835; x_wconf 89' lang='lat' dir='ltr'><strong>a</strong></span> <span class='ocrx_word' id='word_1_221' title='bbox 1131 1798 1303 1850; x_wconf 84' lang='lat' dir='ltr'><strong>praefato</strong></span> <span class='ocrx_word' id='word_1_222' title='bbox 1331 1797 1458 1834; x_wconf 88' lang='lat' dir='ltr'><strong>Leone</strong></span> <span class='ocrx_word' id='word_1_223' title='bbox 1484 1796 1661 1834; x_wconf 78' lang='lat' dir='ltr'><strong>Kitonita</strong></span> 
     </span>
     <span class='ocr_line' id='line_1_26' title="bbox 235 1860 1660 1913; baseline 0.002 -15"><span class='ocrx_word' id='word_1_224' title='bbox 235 1862 401 1899; x_wconf 89' lang='lat' dir='ltr'><strong>nuncius</strong></span> <span class='ocrx_word' id='word_1_225' title='bbox 419 1860 548 1908; x_wconf 88' lang='lat' dir='ltr'><strong>venit,</strong></span> <span class='ocrx_word' id='word_1_226' title='bbox 582 1861 650 1911; x_wconf 88' lang='lat' dir='ltr'><strong>qui</strong></span> <span class='ocrx_word' id='word_1_227' title='bbox 668 1861 782 1899; x_wconf 90' lang='lat' dir='ltr'><strong>illum</strong></span> <span class='ocrx_word' id='word_1_228' title='bbox 801 1875 870 1901; x_wconf 89' lang='lat' dir='ltr'><strong>cur</strong></span> <span class='ocrx_word' id='word_1_229' title='bbox 887 1875 949 1899; x_wconf 89' lang='lat' dir='ltr'><strong>me</strong></span> <span class='ocrx_word' id='word_1_230' title='bbox 965 1869 1200 1912; x_wconf 86' lang='lat' dir='ltr'><strong>moraretur,</strong></span> <span class='ocrx_word' id='word_1_231' title='bbox 1229 1863 1459 1913; x_wconf 87' lang='lat' dir='ltr'><strong>obiurgavit.</strong></span> <span class='ocrx_word' id='word_1_232' title='bbox 1513 1863 1660 1902; x_wconf 83' lang='lat' dir='ltr'><strong>Verum</strong></span> 
     </span>
     <span class='ocr_line' id='line_1_27' title="bbox 237 1927 1659 1981; baseline 0.003 -18"><span class='ocrx_word' id='word_1_233' title='bbox 237 1939 327 1964; x_wconf 88' lang='lat' dir='ltr'><strong>cum</strong></span> <span class='ocrx_word' id='word_1_234' title='bbox 361 1927 646 1976; x_wconf 81' lang='lat' dir='ltr'><strong>obiurgationes</strong></span> <span class='ocrx_word' id='word_1_235' title='bbox 685 1941 810 1977; x_wconf 87' lang='lat' dir='ltr'><strong>meas,</strong></span> <span class='ocrx_word' id='word_1_236' title='bbox 848 1929 1037 1978; x_wconf 88' lang='lat' dir='ltr'><strong>lamenta,</strong></span> <span class='ocrx_word' id='word_1_237' title='bbox 1079 1935 1118 1967; x_wconf 89' lang='lat' dir='ltr'><strong>et</strong></span> <span class='ocrx_word' id='word_1_238' title='bbox 1145 1928 1307 1981; x_wconf 80' lang='lat' dir='ltr'><strong>suspiria</strong></span> <span class='ocrx_word' id='word_1_239' title='bbox 1337 1943 1422 1967; x_wconf 87' lang='lat' dir='ltr'><strong>mea</strong></span> <span class='ocrx_word' id='word_1_240' title='bbox 1447 1930 1549 1967; x_wconf 88' lang='lat' dir='ltr'><strong>ferre</strong></span> <span class='ocrx_word' id='word_1_241' title='bbox 1575 1942 1659 1966; x_wconf 90' lang='lat' dir='ltr'><strong>non</strong></span> 
     </span>
     <span class='ocr_line' id='line_1_28' title="bbox 234 1993 1658 2046; baseline 0.002 -17"><span class='ocrx_word' id='word_1_242' title='bbox 234 1999 387 2043; x_wconf 86' lang='lat' dir='ltr'><strong>posset,</strong></span> <span class='ocrx_word' id='word_1_243' title='bbox 416 1994 594 2040; x_wconf 88' lang='lat' dir='ltr'><strong>recessit,</strong></span> <span class='ocrx_word' id='word_1_244' title='bbox 624 2006 762 2044; x_wconf 87' lang='lat' dir='ltr'><strong>meque</strong></span> <span class='ocrx_word' id='word_1_245' title='bbox 788 1993 939 2033; x_wconf 88' lang='lat' dir='ltr'><strong>homini</strong></span> <span class='ocrx_word' id='word_1_246' title='bbox 959 2002 1038 2033; x_wconf 86' lang='lat' dir='ltr'><strong>tam</strong></span> <span class='ocrx_word' id='word_1_247' title='bbox 1058 1995 1193 2046; x_wconf 85' lang='lat' dir='ltr'><strong>iniquo</strong></span> <span class='ocrx_word' id='word_1_248' title='bbox 1216 2001 1255 2032; x_wconf 89' lang='lat' dir='ltr'><strong>et</strong></span> <span class='ocrx_word' id='word_1_249' title='bbox 1273 1995 1439 2046; x_wconf 88' lang='lat' dir='ltr'><strong>pessimo</strong></span> <span class='ocrx_word' id='word_1_250' title='bbox 1464 2007 1658 2032; x_wconf 86' lang='lat' dir='ltr'><strong>commen-</strong></span> 
     </span>
     <span class='ocr_line' id='line_1_29' title="bbox 236 2058 1657 2112; baseline 0.002 -17"><span class='ocrx_word' id='word_1_251' title='bbox 236 2058 365 2106; x_wconf 82' lang='lat' dir='ltr'><strong>davit,</strong></span> <span class='ocrx_word' id='word_1_252' title='bbox 394 2064 440 2096; x_wconf 89' lang='lat' dir='ltr'><strong>ut</strong></span> <span class='ocrx_word' id='word_1_253' title='bbox 470 2065 648 2109; x_wconf 88' lang='lat' dir='ltr'><strong>sumptus</strong></span> <span class='ocrx_word' id='word_1_254' title='bbox 673 2060 811 2097; x_wconf 85' lang='lat' dir='ltr'><strong>saltem</strong></span> <span class='ocrx_word' id='word_1_255' title='bbox 839 2074 900 2099; x_wconf 90' lang='lat' dir='ltr'><strong>me</strong></span> <span class='ocrx_word' id='word_1_256' title='bbox 927 2074 1050 2099; x_wconf 90' lang='lat' dir='ltr'><strong>emere</strong></span> <span class='ocrx_word' id='word_1_257' title='bbox 1070 2075 1151 2098; x_wconf 91' lang='lat' dir='ltr'><strong>non</strong></span> <span class='ocrx_word' id='word_1_258' title='bbox 1177 2060 1438 2112; x_wconf 77' lang='lat' dir='ltr'><strong>permitteret,</strong></span> <span class='ocrx_word' id='word_1_259' title='bbox 1478 2060 1603 2112; x_wconf 79' lang='lat' dir='ltr'><strong>donec</strong></span> <span class='ocrx_word' id='word_1_260' title='bbox 1632 2073 1657 2098; x_wconf 82' lang='lat' dir='ltr'><strong>a</strong></span> 
     </span>
     <span class='ocr_line' id='line_1_30' title="bbox 233 2125 1657 2178; baseline 0.001 -16"><span class='ocrx_word' id='word_1_261' title='bbox 233 2138 296 2162; x_wconf 89' lang='lat' dir='ltr'><strong>me</strong></span> <span class='ocrx_word' id='word_1_262' title='bbox 323 2125 533 2171; x_wconf 79' lang='lat' dir='ltr'><strong>cortinam,</strong></span> <span class='ocrx_word' id='word_1_263' title='bbox 561 2125 681 2163; x_wconf 87' lang='lat' dir='ltr'><strong>librae</strong></span> <span class='ocrx_word' id='word_1_264' title='bbox 707 2128 854 2176; x_wconf 87' lang='lat' dir='ltr'><strong>argenti</strong></span> <span class='ocrx_word' id='word_1_265' title='bbox 874 2127 999 2178; x_wconf 87' lang='lat' dir='ltr'><strong>pretio</strong></span> <span class='ocrx_word' id='word_1_266' title='bbox 1024 2127 1199 2177; x_wconf 84' lang='lat' dir='ltr'><strong>dignam,</strong></span> <span class='ocrx_word' id='word_1_267' title='bbox 1229 2126 1443 2178; x_wconf 88' lang='lat' dir='ltr'><strong>acciperet:</strong></span> <span class='ocrx_word' id='word_1_268' title='bbox 1474 2132 1513 2164; x_wconf 83' lang='lat' dir='ltr'><strong>et</strong></span> <span class='ocrx_word' id='word_1_269' title='bbox 1537 2139 1657 2177; x_wconf 88' lang='lat' dir='ltr'><strong>quum</strong></span> 
     </span>
     <span class='ocr_line' id='line_1_31' title="bbox 231 2190 1656 2244; baseline 0.003 -17"><span class='ocrx_word' id='word_1_270' title='bbox 231 2196 327 2242; x_wconf 80' lang='lat' dir='ltr'><strong>post</strong></span> <span class='ocrx_word' id='word_1_271' title='bbox 346 2190 486 2240; x_wconf 86' lang='lat' dir='ltr'><strong>viginti</strong></span> <span class='ocrx_word' id='word_1_272' title='bbox 517 2191 598 2228; x_wconf 89' lang='lat' dir='ltr'><strong>dies</strong></span> <span class='ocrx_word' id='word_1_273' title='bbox 627 2192 720 2230; x_wconf 87' lang='lat' dir='ltr'><strong>inde</strong></span> <span class='ocrx_word' id='word_1_274' title='bbox 751 2192 1008 2241; x_wconf 86' lang='lat' dir='ltr'><strong>discederem,</strong></span> <span class='ocrx_word' id='word_1_275' title='bbox 1046 2193 1212 2231; x_wconf 88' lang='lat' dir='ltr'><strong>nuncius</strong></span> <span class='ocrx_word' id='word_1_276' title='bbox 1235 2193 1343 2244; x_wconf 87' lang='lat' dir='ltr'><strong>ipse,</strong></span> <span class='ocrx_word' id='word_1_277' title='bbox 1372 2193 1438 2230; x_wconf 92' lang='lat' dir='ltr'><strong>cui</strong></span> <span class='ocrx_word' id='word_1_278' title='bbox 1463 2192 1656 2231; x_wconf 83' lang='lat' dir='ltr'><strong>cortinam</strong></span> 
     </span>
     <span class='ocr_line' id='line_1_32' title="bbox 207 2252 1654 2311; baseline 0 -16"><span class='ocrx_word' id='word_1_279' title='bbox 207 2270 218 2280; x_wconf 90' lang='lat'><em>·</em></span> <span class='ocrx_word' id='word_1_280' title='bbox 232 2256 424 2306; x_wconf 87' lang='lat' dir='ltr'><strong>dederam,</strong></span> <span class='ocrx_word' id='word_1_281' title='bbox 452 2252 634 2297; x_wconf 79' lang='lat' dir='ltr'><strong>nauclero</strong></span> <span class='ocrx_word' id='word_1_282' title='bbox 654 2260 779 2309; x_wconf 88' lang='lat' dir='ltr'><strong>iussit,</strong></span> <span class='ocrx_word' id='word_1_283' title='bbox 808 2266 855 2297; x_wconf 90' lang='lat' dir='ltr'><strong>ut</strong></span> <span class='ocrx_word' id='word_1_284' title='bbox 873 2265 960 2311; x_wconf 87' lang='lat' dir='ltr'><strong>post</strong></span> <span class='ocrx_word' id='word_1_285' title='bbox 975 2259 1182 2307; x_wconf 86' lang='lat' dir='ltr'><strong>acroteria,</strong></span> <span class='ocrx_word' id='word_1_286' title='bbox 1211 2259 1252 2296; x_wconf 88' lang='lat' dir='ltr'><strong>id</strong></span> <span class='ocrx_word' id='word_1_287' title='bbox 1268 2264 1326 2296; x_wconf 87' lang='lat' dir='ltr'><strong>est</strong></span> <span class='ocrx_word' id='word_1_288' title='bbox 1339 2258 1654 2310; x_wconf 88' lang='lat' dir='ltr'><strong>promontorium</strong></span> 
     </span>
     <span class='ocr_line' id='line_1_33' title="bbox 234 2323 1653 2376; baseline 0 -16"><span class='ocrx_word' id='word_1_289' title='bbox 234 2323 453 2374; x_wconf 86' lang='lat' dir='ltr'><strong>quoddam,</strong></span> <span class='ocrx_word' id='word_1_290' title='bbox 482 2336 543 2361; x_wconf 84' lang='lat' dir='ltr'><strong>me</strong></span> <span class='ocrx_word' id='word_1_291' title='bbox 564 2326 734 2375; x_wconf 78' lang='lat' dir='ltr'><strong>positum</strong></span> <span class='ocrx_word' id='word_1_292' title='bbox 762 2327 861 2364; x_wconf 85' lang='lat' dir='ltr'><strong>fame</strong></span> <span class='ocrx_word' id='word_1_293' title='bbox 883 2325 1011 2376; x_wconf 86' lang='lat' dir='ltr'><strong>perire</strong></span> <span class='ocrx_word' id='word_1_294' title='bbox 1031 2325 1282 2375; x_wconf 84' lang='lat' dir='ltr'><strong>permitteret.</strong></span> <span class='ocrx_word' id='word_1_295' title='bbox 1337 2325 1424 2363; x_wconf 87' lang='lat' dir='ltr'><strong>Hoc</strong></span> <span class='ocrx_word' id='word_1_296' title='bbox 1451 2330 1582 2361; x_wconf 88' lang='lat' dir='ltr'><strong>autem</strong></span> <span class='ocrx_word' id='word_1_297' title='bbox 1607 2335 1653 2360; x_wconf 88' lang='lat' dir='ltr'><strong>eo</strong></span> 
     </span>
     <span class='ocr_line' id='line_1_34' title="bbox 198 2388 1653 2443; baseline -0.001 -15"><span class='ocrx_word' id='word_1_298' title='bbox 198 2389 351 2438; x_wconf 87' lang='lat' dir='ltr'><strong>Cfecit,</strong></span> <span class='ocrx_word' id='word_1_299' title='bbox 391 2389 572 2439; x_wconf 90' lang='lat' dir='ltr'><strong>quoniam</strong></span> <span class='ocrx_word' id='word_1_300' title='bbox 602 2404 651 2428; x_wconf 90' lang='lat' dir='ltr'><strong>ne</strong></span> <span class='ocrx_word' id='word_1_301' title='bbox 685 2405 878 2443; x_wconf 89' lang='lat' dir='ltr'><strong>purpuras</strong></span> <span class='ocrx_word' id='word_1_302' title='bbox 915 2391 1095 2428; x_wconf 88' lang='lat' dir='ltr'><strong>haberem</strong></span> <span class='ocrx_word' id='word_1_303' title='bbox 1125 2390 1386 2440; x_wconf 86' lang='lat' dir='ltr'><strong>absconditas,</strong></span> <span class='ocrx_word' id='word_1_304' title='bbox 1420 2403 1505 2427; x_wconf 87' lang='lat' dir='ltr'><strong>mea</strong></span> <span class='ocrx_word' id='word_1_305' title='bbox 1532 2388 1653 2440; x_wconf 81' lang='lat' dir='ltr'><strong>pallia</strong></span> 
     </span>
     <span class='ocr_line' id='line_1_35' title="bbox 231 2454 1651 2507; baseline 0.001 -14"><span class='ocrx_word' id='word_1_306' title='bbox 231 2454 450 2506; x_wconf 80' lang='lat' dir='ltr'><strong>regyravit:</strong></span> <span class='ocrx_word' id='word_1_307' title='bbox 490 2467 540 2492; x_wconf 83' lang='lat' dir='ltr'><strong>ex</strong></span> <span class='ocrx_word' id='word_1_308' title='bbox 570 2456 709 2506; x_wconf 83' lang='lat' dir='ltr'><strong>quibus</strong></span> <span class='ocrx_word' id='word_1_309' title='bbox 743 2459 836 2495; x_wconf 90' lang='lat' dir='ltr'><strong>dum</strong></span> <span class='ocrx_word' id='word_1_310' title='bbox 862 2470 985 2495; x_wconf 87' lang='lat' dir='ltr'><strong>unum</strong></span> <span class='ocrx_word' id='word_1_311' title='bbox 1012 2457 1131 2495; x_wconf 86' lang='lat' dir='ltr'><strong>vellet</strong></span> <span class='ocrx_word' id='word_1_312' title='bbox 1153 2456 1347 2507; x_wconf 88' lang='lat' dir='ltr'><strong>accipere,</strong></span> <span class='ocrx_word' id='word_1_313' title='bbox 1380 2469 1462 2494; x_wconf 87' lang='lat' dir='ltr'><strong>non</strong></span> <span class='ocrx_word' id='word_1_314' title='bbox 1488 2455 1651 2506; x_wconf 87' lang='lat' dir='ltr'><strong>accepit.</strong></span> 
     </span>
     <span class='ocr_line' id='line_1_36' title="bbox 234 2520 1650 2574; baseline -0.001 -13"><span class='ocrx_word' id='word_1_315' title='bbox 234 2522 268 2560; x_wconf 92' lang='grc' dir='ltr'>Ο</span> <span class='ocrx_word' id='word_1_316' title='bbox 301 2521 530 2570; x_wconf 70' lang='lat' dir='ltr'><strong>michaeles,</strong></span> <span class='ocrx_word' id='word_1_317' title='bbox 577 2521 802 2571; x_wconf 68' lang='lat' dir='ltr'><strong>Michaeles,</strong></span> <span class='ocrx_word' id='word_1_318' title='bbox 841 2523 906 2561; x_wconf 92' lang='lat' dir='ltr'><strong>ubi</strong></span> <span class='ocrx_word' id='word_1_319' title='bbox 943 2536 1014 2560; x_wconf 90' lang='lat' dir='ltr'><strong>vos</strong></span> <span class='ocrx_word' id='word_1_320' title='bbox 1053 2527 1113 2559; x_wconf 86' lang='lat' dir='ltr'><strong>tot</strong></span> <span class='ocrx_word' id='word_1_321' title='bbox 1152 2522 1269 2560; x_wconf 90' lang='lat' dir='ltr'><strong>simul</strong></span> <span class='ocrx_word' id='word_1_322' title='bbox 1302 2523 1475 2574; x_wconf 82' lang='lat' dir='ltr'><strong>talesque</strong></span> <span class='ocrx_word' id='word_1_323' title='bbox 1502 2520 1650 2572; x_wconf 80' lang='lat' dir='ltr'><strong>reperi!</strong></span> 
     </span>
     <span class='ocr_line' id='line_1_37' title="bbox 232 2586 1649 2640; baseline 0.002 -16"><span class='ocrx_word' id='word_1_324' title='bbox 232 2594 361 2626; x_wconf 85' lang='lat' dir='ltr'><strong>custos</strong></span> <span class='ocrx_word' id='word_1_325' title='bbox 398 2601 507 2626; x_wconf 89' lang='lat' dir='ltr'><strong>meus</strong></span> <span class='ocrx_word' id='word_1_326' title='bbox 539 2587 608 2625; x_wconf 85' lang='lat' dir='ltr'><strong>ille</strong></span> <span class='ocrx_word' id='word_1_327' title='bbox 641 2589 1092 2640; x_wconf 85' lang='lat' dir='ltr'><strong>Constantinopolitanus</strong></span> <span class='ocrx_word' id='word_1_328' title='bbox 1122 2586 1304 2627; x_wconf 68' lang='lat' dir='ltr'><strong>Michaeli</strong></span> <span class='ocrx_word' id='word_1_329' title='bbox 1342 2601 1412 2626; x_wconf 90' lang='lat' dir='ltr'><strong>suo</strong></span> <span class='ocrx_word' id='word_1_330' title='bbox 1442 2586 1560 2626; x_wconf 88' lang='lat' dir='ltr'><strong>rivali</strong></span> <span class='ocrx_word' id='word_1_331' title='bbox 1585 2599 1649 2627; x_wconf 82' lang='lat' dir='ltr'><strong>me</strong></span> 
     </span>
    </p>
   </div>
   <div class='ocr_carea' id='block_1_5' title="bbox 276 2682 1651 2767">
    <p class='ocr_par' dir='ltr' id='par_1_10' title="bbox 276 2682 1651 2767">
     <span class='ocr_line' id='line_1_38' title="bbox 276 2682 1651 2767; baseline 0 -48"><span class='ocrx_word' id='word_1_332' title='bbox 276 2682 584 2765; x_wconf 49' lang='lat' dir='ltr'><strong>412urFuAEs3rhoc</strong></span> <span class='ocrx_word' id='word_1_333' title='bbox 612 2696 697 2720; x_wconf 80' lang='lat' dir='ltr'><strong>anno</strong></span> <span class='ocrx_word' id='word_1_334' title='bbox 728 2685 807 2767; x_wconf 74' lang='lat' dir='ltr'><strong>solis</strong></span> <span class='ocrx_word' id='word_1_335' title='bbox 838 2685 976 2732; x_wconf 81' lang='lat' dir='ltr'><strong>eclipsin</strong></span> <span class='ocrx_word' id='word_1_336' title='bbox 997 2687 1053 2721; x_wconf 89' lang='grc'><strong>22.</strong></span> <span class='ocrx_word' id='word_1_337' title='bbox 1077 2685 1269 2721; x_wconf 87' lang='lat' dir='ltr'><strong>Decembris</strong></span> <span class='ocrx_word' id='word_1_338' title='bbox 1299 2684 1516 2731; x_wconf 74' lang='lat' dir='ltr'><strong>curopalates</strong></span> <span class='ocrx_word' id='word_1_339' title='bbox 1543 2685 1651 2719; x_wconf 74' lang='lat' dir='ltr'><strong>testa-</strong></span> 
     </span>
    </p>
   </div>
  </div>
 </body>
</html>
