1748 3094
184 189 265 234 nr:
290 186 497 234 EXPED.
523 189 639 234 sm.
666 190 772 235 mc.
799 191 967 235 Pnoc.
993 192 1075 236 ΕΤ
1100 192 1175 239 10.
1201 193 1361 241 Tle,
1422 189 1536 236 aar
1564 177 1570 182 '

76 294 194 335 mnis
213 293 401 335 aedificiis
421 301 539 348 atque
558 295 814 335 munimentis
838 295 1043 335 instructa.
1093 296 1201 336 Dein
1228 297 1412 337 redibant
1430 299 1523 352 qui-

78 363 168 402 dam
195 363 400 416 peullstim
426 364 477 403 ad
502 364 691 417 pristinas
710 363 843 414 sedes,
870 364 939 402 alii
958 375 1125 416 prorsus
1145 377 1230 403 non
1257 372 1528 416 excesserant,

77 428 339 469 Christianam
366 430 487 469 fidem
513 431 693 484 professi.
754 430 827 470 His
855 431 974 470 rebus
999 432 1116 485 gestis
1141 431 1294 472 redibat
1322 432 1521 472 Romanus

75 497 459 551 Constantinopolin.

0 564 2 588 ἓ
671 565 701 605 l.
719 565 747 606 l.
764 579 805 617 p.
824 564 921 607 487.

173 630 298 670 ‘Anno
327 632 488 671 CCCLV
508 630 594 685 (qui
614 631 677 670 die
699 635 755 674 27
785 633 874 670 Dec.
895 632 942 672 A.
961 631 1051 671 Chr.
1069 632 1151 676 965
1169 633 1315 686 coepit)
1333 647 1521 674 exeun-e-

73 697 171 737 bant
201 698 341 737 Graeci
369 698 412 737 in
437 707 576 750 'agrum
604 699 891 741 Muslemicum.
957 700 1112 739 Primus
1140 700 1311 753 impetus
1340 702 1522 742 Amidam

75 765 265 818 perculit,
295 771 380 804 tum
397 766 512 804 missa
532 768 635 805 sacta
657 767 737 805 eius
756 766 980 816 obsidione,
1009 768 1249 818 Nisibinam3
1279 768 1372 806 inde
1395 774 1525 808 trans-

73 833 195 883 gressi
215 846 236 871 e
252 832 532 885 Mesopotamia
548 834 591 872 in
609 834 785 885 Syriam,
814 833 883 872 diu
896 832 1111 873 haerebant
1127 835 1231 874 circa
1246 835 1522 886 Antiochiam3

72 899 231 938 tandem
254 900 421 939 Tarsum
442 901 683 954 repetebant.

184 966 330 1006 Eodem
359 968 551 1007 liberabat
572 968 819 1007 Seiseddaula
844 981 958 1007 suum
987 969 1170 1018 affinem,
1209 969 1522 1010 Abu-Ferasum

73 1033 385 1084 Romami-lam,
415 1049 437 1074 e
464 1036 655 1085 vinculis,
693 1037 796 1074 sacta
826 1036 1077 1088 captivorum
1106 1037 1421 1090 permutatione,
1449 1050 1522 1090 per

74 1117 193 1155 quam
213 1104 495 1145 Muslemorum
512 1104 648 1155 ingens
665 1102 881 1141 multitudo
896 1103 1117 1143 libertatem
1135 1104 1398 1156 recuperavit.

182 1228 335 1267 interea
350 1228 446 1267 dum
462 1170 933 1279 Mesopotmiiiikpdcf'gioiii
953 1225 1061 1265 huuc
1078 1226 1122 1264 in
1141 1227 1301 1266 modum
1318 1227 1519 1267 intestini.

71 1294 185 1333 bellis
207 1295 289 1347 ipsi
309 1308 393 1334 sese
422 1295 620 1342 lacerant,
648 1294 714 1332 via
734 1293 891 1346 patebat
917 1294 1103 1346 Romanis
1125 1307 1199 1346 per
1217 1294 1371 1345 Syriam
1397 1308 1521 1347 usque

76 1362 128 1400 ad
145 1363 342 1415 Tripolin.
398 1362 540 1401 Arcem
560 1361 690 1400 Erach
713 1361 964 1413 expugnabat
983 1374 1118 1400 eorum
1136 1361 1365 1412 imperator.
1420 1360 1521 1399 Inde

74 1429 258 1468 tundebat
276 1430 496 1479 Emessam,
525 1443 641 1481 quam
665 1429 807 1467 incolis
825 1442 991 1468 vacuam
1007 1429 1194 1467 facillime
1217 1434 1359 1466 nactus
1386 1426 1520 1476 (adve-

72 1496 219 1536 nientis
244 1503 396 1536 terrore
422 1497 590 1549 patriam
619 1496 914 1547 deseruerant),
953 1496 1107 1534 iniectis
1131 1494 1289 1547 ignibus
1320 1500 1520 1546 pervasta-

73 1562 154 1603 bat.
224 1563 285 1602 Ab
306 1577 352 1603 aa
382 1564 617 1603 excursione
643 1564 797 1602 redibat
828 1564 878 1602 ad
903 1570 1073 1602 tractum
1101 1562 1362 1611 maritimum,
1402 1574 1520 1612 quem
1579 1614 1581 1616 q

71 1630 218 1682 rapinis
236 1637 275 1669 et
293 1631 614 1683 populationibus
633 1631 842 1679 desolabat,
874 1637 913 1669 et
937 1630 1157 1669 octodecim
1175 1634 1377 1680 suggestus
1398 1627 1439 1673 (e
1453 1633 1519 1665 to-

70 1698 193 1736 tidem
211 1698 314 1736 fanis
330 1700 555 1747 maioribus)
576 1698 764 1736 eiiciebat.
821 1699 1033 1750 Postquam
1052 1698 1130 1736 duo
1147 1709 1296 1735 menses
1315 1695 1519 1734 incubuis-

73 1772 133 1804 set
154 1766 313 1818 Syriae,
342 1765 470 1803 abibat
490 1766 650 1804 domum
668 1765 812 1817 praeda
836 1766 966 1816 gravis
985 1771 1023 1803 et
1042 1763 1208 1816 captivis
1230 1776 1392 1802 numero
1409 1761 1518 1801 haud

73 1832 191 1872 facile
212 1833 531 1884 complectendis.

182 1898 298 1937 Anno
320 1900 501 1938 CCCLIX
530 1900 615 1951 (qui
638 1900 700 1938 die
723 1901 775 1941 13
798 1899 898 1938 Nov.
922 1899 967 1939 A.
991 1898 1083 1938 Chs.
1105 1901 1187 1941 969
1213 1895 1359 1949 coepit)
1379 1908 1518 1935 rursus

71 1966 311 2005 invadebant
342 1967 508 2005 Romani
532 1966 710 2018 Syriam,
757 1972 796 2004 et
824 1966 1032 2005 Antiochia
1067 1966 1262 2005 violenter
1293 1969 1516 2016 expugnata

76 2033 334 2085 caedibusque
353 2040 393 2072 et
411 2035 559 2086 rapinis
577 2039 822 2086 pervastata,
849 2034 1043 2072 Halebum
1060 2033 1267 2085 petebant,
1295 2045 1412 2083 quam
1436 2031 1516 2070 Co-

8 2141 18 2148 ,
72 2100 201 2140 rubeh
216 2105 256 2150 *)
274 2108 369 2141 tunc
385 2102 551 2152 tenebat,
581 2101 850 2140 Seiseddaulae
865 2101 1117 2153 mancipium,
1146 2098 1232 2138 heri
1247 2098 1344 2147 filio,
1373 2098 1515 2136 Abu’l-

56 2168 216 2207 'Maalio
248 2168 427 2208 Scharifo
454 2176 667 2218 extortam,
697 2175 741 2206 ut
768 2168 885 2206 modo
911 2168 1099 2206 diximus.
1153 2166 1229 2204 Hic
1252 2166 1296 2203 in
1317 2180 1445 2204 arcem
1473 2179 1515 2203 se

73 2240 297 2285 receperat,
326 2237 425 2274 urbe
452 2236 559 2274 hosti
588 2237 785 2288 permissa,
843 2235 1057 2274 Obsidione
1074 2234 1125 2272 ad
1145 2233 1333 2285 temporis
1352 2232 1514 2283 aliquod

74 2301 264 2350 tolerata,
288 2309 427 2354 pactus
454 2303 634 2341 Corubeh
661 2310 812 2341 certum
840 2316 1016 2341 annuum
1040 2303 1234 2341 tributum
1259 2315 1333 2353 pro
1364 2300 1511 2338 Halebo

74 2375 116 2407 et
138 2382 231 2419 agro
258 2369 384 2419 circa,
412 2371 608 2409 Romanos
635 2371 856 2419 avertebat,
884 2370 1025 2409 sumtis
1046 2382 1176 2408 secum
1195 2369 1396 2406 obsidibus
1418 2367 1512 2403 abe-

73 2442 204 2476 untes.
245 2436 304 2474 Ita
322 2437 437 2475 locus
452 2438 579 2475 factus
595 2438 794 2476 Musleinis
814 2439 865 2476 ad
882 2438 1070 2490 pristinas
1084 2437 1194 2476 sedes
1212 2432 1513 2474 revertentibus.

74 2502 175 2543 Iuris
192 2498 419 2541 Halebensis
435 2509 562 2542 autem
576 2510 661 2542 tum
679 2512 790 2544 erant
806 2505 879 2544 hae
893 2511 1113 2559 praeturae,
1135 2504 1312 2551 Hamata,
1341 2503 1513 2551 Emessa,

77 2570 221 2608 Cafar-
234 2570 338 2621 Tab,
369 2571 541 2620 Mam-ra,
568 2571 757 2623 Apamea,
783 2572 969 2611 Schaizar
987 2578 1026 2611 et
1042 2572 1105 2610 his
1124 2571 1326 2609 interiecta
1343 2570 1442 2631 loca.

120 2657 155 2700 ·)
175 2656 216 2690 In
235 2656 403 2702 excerptis
431 2668 474 2691 ex
497 2656 641 2691 historia
666 2659 820 2694 Halebi‘
809 2672 843 2693 in
823 2660 899 2694 nfra
915 2659 1114 2694 exhibendis
1132 2657 1232 2691 scribi
1234 2661 1290 2690 tur
1315 2656 1379 2688 hoc
1394 2665 1512 2688 nomen

165 2702 379 2747 Carghujah3
402 2702 510 2756 qupd,
534 2702 599 2736 nisi
625 2703 743 2745 fallor,
765 2711 859 2739 recte
888 2718 925 2740 se
950 2707 1071 2745 habet3
1105 2703 1187 2736 omis
1188 2702 1234 2734 sis
1266 2713 1307 2734 en
1308 2700 1353 2733 im
1378 2699 1512 2744 punctis

123 2747 367 2789 diacddds,
399 2748 521 2792 quibus
546 2748 627 2781 disti
617 2730 799 2794 mgumitur
819 2751 956 2785 litterae
978 2729 1095 2783 Ghain
1124 2752 1160 2781 et
1175 2747 1233 2781 Ye
1256 2747 1298 2779 ab
1317 2745 1383 2779 Ain
1399 2751 1435 2779 et
1450 2746 1512 2785 Be,

162 2792 262 2827 facile
277 2795 443 2839 corrumpi
461 2793 571 2839 potuit
589 2805 705 2829 nomen
723 2794 834 2831 illud
823 2808 858 2829 m
876 2796 1048 2831 Corubeh.
1080 2793 1121 2826 L-
