1748 3094
286 145 383 193 348
675 147 1017 196 LUITPRANDI
1044 147 1297 191 LEGATIO

288 252 473 306 Sophiam
494 252 731 304 ingreditur,
765 252 932 291 dominis
953 251 1032 289 suis
1057 251 1356 303 Imperatoribus
1374 247 1424 290 'se
1453 265 1476 289 a
1499 252 1614 302 longe
1636 264 1698 290 se-

288 320 511 372 quentibus,
535 326 572 358 et
591 320 635 358 in
650 320 758 372 pacis
778 319 910 357 osculo
931 318 981 355 ad
1002 324 1146 357 terram
1161 331 1281 368 usque
1301 317 1561 357 adorantibus.
1616 317 1699 355 Ar-

249 387 408 437 Dmiger
423 386 538 425 huius
554 387 690 437 sagitta
711 386 855 423 calamo
878 383 1049 421 immissa
1075 383 1214 422 Aeram
1237 381 1292 434 ¹⁷)
1320 384 1363 420 in
1387 383 1556 422 Ecclesia
1574 383 1700 435 ponit,

285 466 382 505 quae
407 453 678 504 prosequitur,
710 465 785 502 quo
815 451 1000 488 nimirum
1025 456 1201 501 tempore
1227 449 1418 500 imperare
1445 449 1634 501 coeperit,
1663 454 1701 486 et

284 520 342 559 sic
371 521 530 568 Aeram,
560 518 629 570 qui
651 517 695 555 id
722 530 803 554 non
830 517 1037 566 viderunt,
1077 516 1313 567 intelligunt.
1367 516 1450 553 Hac
1478 515 1608 553 eadem
1637 515 1700 552 die

286 587 490 625 convivam
514 598 575 623 me
603 577 678 622 sibi
698 597 777 621 esse
796 582 919 620 iussit.
973 583 1063 620 Non
1086 589 1190 620 ratus
1218 587 1346 620 autem
1363 595 1426 619 me
1445 581 1601 632 dignum
1622 594 1702 619 esse

286 652 455 704 cuipiam
476 665 634 689 suorum
653 650 842 703 praeponi
861 650 1088 697 Procerum,
1118 649 1276 699 quintus
1298 647 1468 686 decimus
1489 648 1536 685 ab
1553 661 1596 686 eo
1613 647 1703 684 abs-

285 733 359 769 que
385 731 550 769 gausape
578 717 683 767 sedi3
713 729 887 754 meorum
905 728 1016 753 nemo
1036 715 1223 753 comitum
1240 727 1320 751 non
1339 713 1426 751 dico
1450 714 1578 752 solum
1596 726 1701 750 men-

286 798 350 822 sae
368 798 448 822 non
467 784 626 833 assedit,
656 784 724 821 sed
742 796 870 834 neque
890 782 1048 819 domum
1059 811 1070 830 ,
1098 782 1141 819 in
1160 772 1235 832 qula
1255 780 1420 819 conviva
1440 794 1562 829 eram,
1588 779 1702 818 vidit.

283 849 377 900 Qua
397 851 440 888 in
459 863 578 889 coena
597 848 783 900 temporis
810 848 923 896 satis,
953 854 991 885 et
1008 848 1220 892 obscoena,
1249 846 1443 884 ebriorum
1461 859 1587 895 more,
1617 846 1703 883 oleo

285 917 474 966 delibuta,
513 917 662 966 alioque
697 914 866 965 quodam
898 914 1105 953 deterrimo
1145 913 1313 965 piscium
1350 913 1503 964 liquore
1539 925 1702 964 aspersa,

286 983 411 1020 multa
438 996 555 1034 super
587 981 762 1034 potentia
790 987 940 1031 vestra,
977 981 1099 1018 multa
1126 993 1242 1031 super
1273 979 1414 1030 Regnis
1450 985 1489 1017 et
1519 978 1705 1016 militibus
1742 975 1745 978 ⁴

247 1055 351 1088 Eme
376 1049 543 1099 rogavit.
597 1048 670 1085 Cui
699 1060 788 1085 cum
807 1054 1085 1099 consequenter
1112 1053 1151 1085 et
1165 1059 1256 1086 vere
1271 1045 1566 1097 responderem:
1594 1058 1705 1082 men-

285 1115 372 1153 tiris
384 1144 396 1165 ,
427 1115 506 1153 ait:
537 1114 685 1152 domini
710 1114 769 1151 tui
783 1114 926 1152 milites
950 1113 1149 1165 equitandi
1174 1112 1322 1163 ignari,
1348 1112 1536 1164 pedestris
1555 1124 1706 1163 pugnae

286 1187 377 1219 sunt
403 1181 537 1230 inscii,
567 1188 764 1220 scutorum
790 1181 1035 1232 magnitudo,
1063 1180 1275 1218 loricarum
1299 1178 1525 1230 gravitudo,
1554 1178 1703 1216 ensium

287 1247 510 1296 longitudo,
538 1249 807 1299 galearumque
834 1247 990 1300 pondus
1014 1253 1153 1285 neutra
1180 1252 1290 1298 parte
1314 1259 1378 1284 eos
1402 1258 1574 1297 pugnare
1598 1244 1705 1293 sinit,

287 1327 333 1351 ac
352 1314 572 1363 subridens,
601 1315 782 1366 impedit,
808 1314 956 1365 inquit,
986 1327 1050 1351 eos
1068 1319 1106 1350 et
1124 1312 1407 1363 gastrimargia,
1434 1311 1512 1349 hoc
1531 1317 1589 1348 est
1606 1323 1704 1349 ven-
1722 1331 1725 1333 >

285 1379 358 1417 tris
382 1380 573 1430 ingluvies
587 1410 598 1430 ,
635 1395 801 1431 quorum
819 1382 921 1418 Deus
949 1385 1085 1417 venter
1109 1385 1185 1428 est,
1214 1391 1379 1429 quorum
1408 1378 1587 1426 audacia,
1617 1390 1706 1414 cra—

138 1450 179 1505 P:
202 1445 266 1484 481
288 1446 407 1498 pula3
436 1446 648 1496 fortitudo,
679 1447 862 1497 ebrietas3
890 1445 1099 1493 ieiunium,
1130 1444 1354 1494 dissolutio;
1382 1445 1528 1495 pavor,
1556 1442 1708 1480 sobrie-

148 1493 223 1526 μοι
246 1494 266 1527 l
288 1519 359 1552 tas.
414 1513 493 1550 Nec
518 1519 575 1550 est
595 1514 639 1550 in
664 1514 762 1551 mari
787 1513 956 1551 domino,
970 1518 1040 1549 tuo
1065 1511 1246 1548 classium
1263 1523 1458 1549 numerus.
1510 1508 1708 1557 Navigan-

286 1579 389 1617 tium
412 1578 603 1617 fortitudo
621 1580 720 1620 mihi
739 1580 811 1617 soli
837 1579 961 1627 inest,
991 1578 1058 1629 qui
1078 1591 1164 1616 eum
1184 1578 1369 1615 classibus
1388 1575 1586 1626 aggrediar
1603 1574 1706 1612 bello

286 1643 500 1682 maritimas
517 1644 599 1683 eius
621 1646 795 1684 civitates
815 1645 1011 1694 demoliar,
1041 1650 1080 1682 et
1097 1658 1195 1694 quae
1211 1643 1436 1682 fluminibus
1454 1648 1546 1681 sunt
1561 1641 1707 1689 vicina,

286 1711 458 1761 redigam
475 1711 518 1749 in
541 1712 724 1752 favillam.
783 1712 902 1762 Quis,
930 1711 1042 1761 cedo,
1069 1710 1167 1748 mihi
1187 1711 1299 1749 etiam
1322 1697 1488 1747 in.terra
1507 1707 1708 1758 copiarum

288 1777 485 1829 paucitate
512 1778 687 1816 resistere
711 1778 882 1829 poterit?
917 1778 1019 1815 filius
1048 1791 1130 1814 non
1156 1777 1287 1815 affuit:
1323 1789 1427 1813 uxor
1454 1787 1534 1811 non
1563 1772 1705 1818 defuit3

290 1845 479 1892 Saxones,
510 1844 646 1892 Suevi,
681 1844 865 1893 Baioarii,
902 1845 1027 1882 Italici
1063 1857 1196 1882 omnes
1224 1856 1314 1881 cum
1340 1855 1386 1880 eo
1414 1840 1628 1888 affuerunt5
1667 1844 1708 1876 et

291 1921 381 1945 cum
404 1909 644 1947 civitatulam
670 1924 785 1948 unam
811 1910 884 1948 sibi
913 1911 1151 1948 resistentem
1176 1922 1314 1960 capere
1336 1907 1549 1954 nescirent,
1586 1906 1705 1942 immo

291 1975 518 2024 nequirent,
550 1977 744 2026 quomodo
769 1977 865 2015 mihi
890 1977 1071 2015 resistent
1098 1974 1298 2015 venienti?
1344 1986 1457 2023 quem
1485 1978 1546 2010 tot
1570 1970 1705 2022 copiae

290 2047 600 2091 prosequuntur,
644 2044 833 2094 Gargara
866 2052 960 2094 quot
997 2051 1159 2094 segete-5⁵,
1203 2048 1298 2092 quot
1335 2039 1453 2076 habet
1479 2037 1706 2085 Methymna

291 2119 466 2143 racemos
474 2134 486 2153 ,
525 2108 632 2156 Quot
656 2107 812 2146 Coelum
838 2111 1002 2158 Stellas,
1042 2117 1137 2160 quot
1163 2110 1276 2146 Mare
1302 2109 1346 2143 in
1366 2104 1544 2157 flatibus
1560 2102 1704 2140 undas.

293 2172 366 2208 Cui
400 2185 488 2209 cum
521 2175 776 2225 respondere,
814 2182 852 2213 et
883 2175 1174 2227 Apologeticum
1208 2172 1366 2222 dignum
1398 2170 1599 2207 inflatione
1630 2169 1705 2207 hac

254 2239 471 2276 Bevomere
486 2238 625 2276 vellem
645 2253 725 2277 non
743 2242 936 2292 permisit3
971 2242 1040 2279 sed
1057 2239 1197 2278 adiecit
1214 2237 1323 2289 quasi
1341 2237 1390 2274 ad
1410 2235 1683 2274 contumeliam
1694 2249 1705 2271 z

290 2317 361 2343 vos
385 2301 443 2355 l⁷)
478 2316 558 2340 non
581 2304 766 2355 Romani,
796 2308 862 2345 sed
890 2305 1132 2356 Longobardi
1161 2304 1266 2342 estis.
1322 2303 1396 2340 Cui
1424 2302 1551 2341 adhuc
1577 2301 1707 2339 dicere

291 2368 458 2418 volenti,
487 2374 528 2405 et
556 2382 675 2407 manu
700 2377 744 2408 ut
771 2378 939 2410 tacerem
958 2371 1156 2419 innuenti,
1185 2375 1399 2407 commotus
1418 2365 1594 2420 inquam:
1621 2367 1705 2404 Ro-

293 2436 445 2474 mulum
468 2434 727 2486 fratricidam,
758 2450 807 2475 ex
836 2451 914 2488 quo
941 2444 979 2476 et
1007 2436 1170 2474 Romani
1196 2436 1289 2474 dicu·
1319 2442 1430 2485 sunt,
1455 2432 1707 2487 porniogeni-

339 2556 401 2599 16)
424 2555 475 2589 Al.
498 2556 615 2588 Aram.
640 2555 739 2588 Can.
807 2555 869 2598 17)
893 2557 948 2588 Et
971 2556 1094 2589 Niceta
1122 2555 1299 2596 choniate,
1324 2554 1547 2598 Cur-opulnto,
1570 2555 1605 2584 et
1625 2550 1705 2583 aliis

380 2605 495 2633 uotum
517 2604 577 2641 est,
603 2599 746 2632 Graecos
775 2612 893 2632 nomen
915 2602 1139 2633 Romanorum
1162 2601 1225 2632 sibi
1243 2602 1415 2643 proprium
1437 2598 1571 2640 secisse.
1617 2595 1706 2628 Ηίτισ

374 2648 528 2686 sactum,
557 2649 596 2678 ut
619 2645 820 2677 Graecorum
848 2646 994 2678 hostibus
1014 2657 1132 2678 nomen
1154 2646 1380 2683 Romanorum
1401 2649 1474 2677 tam.
1493 2640 1610 2674 hostile
1626 2642 1706 2682 sue-

379 2690 449 2728 rit3
466 2689 591 2766 ‘quipge
613 2700 687 2723 cum
711 2689 832 2724 Gracci
854 2701 888 2723 se
910 2692 993 2724 solos
1017 2690 1206 2732 Romanos,
1227 2691 1370 2733 reliquos
1390 2699 1467 2721 vero
1489 2685 1630 2720 Latinos
1646 2694 1706 2717 vo-

381 2738 507 2767 carent.
577 2745 642 2768 an.
