1768 3034
310 132 404 180 120
783 137 981 185 LEONIS
1014 137 1246 182 DIACONI

98 249 136 280 A.
154 248 196 280 M.
214 247 301 284 6479
313 241 521 297 διατάξας,
565 244 638 299 τὴν
667 244 729 287 ε’πὶ
763 244 809 286 τὸ
835 242 1071 297 Διπόταμον
1098 242 1169 299 ᾔει.
1234 242 1353 284 ἐκεῖσε
1382 243 1426 286 δὲ
1455 236 1704 300 ἀφικόμενος,

142 294 207 327 Ind‘
227 293 302 376 141)
314 313 354 361 ἒς
370 312 415 354 τὸ
434 309 510 353 τοῦ
528 314 651 353 Φωκᾶ
673 309 817 367 Βάρδα
836 309 1109 359 κατασκόπους
1126 309 1356 359 ἐξαπιναίως
1373 310 1518 352 στέλλει
1535 308 1707 365 στρατό-
1766 298 1768 348 Ῐ

310 381 450 430 πεδον,
495 380 549 427 εἷς
573 377 836 419 ε’παιτούντων
870 381 1005 430 σχῆμα
1038 373 1333 430 μετασκευάσας
1361 376 1528 428 αὐτοὺς,
1576 375 1707 430 δηλώ-

307 460 453 493 σοντας
479 445 552 492 τὰς
577 444 783 497 βασιλικὰς
802 441 1029 497 ὑποσχέσεις
1053 445 1118 484 καὶ
1141 442 1360 497 ἀμνηστίαν
1385 447 1465 485 τῶν
1485 443 1708 497 τολμηθέν-

305 527 386 553 των
406 518 489 559 τοῖς
508 511 813 566 προηγουμένοις
833 514 904 564 τῆς
931 513 1142 565 στρατιᾶς,
1176 511 1242 551 καὶ
1261 508 1421 565 προσέτι
1441 507 1740 564 ἀπαγγελοῢνὲὸ

305 594 399 628 τας,
438 575 511 628 ὡς,
549 579 582 618 εἷ
607 576 664 630 μὴ
691 581 762 619 τοῦ
785 575 1011 618 ἀποστάτου
1031 580 1186 622 θᾶττον
1214 575 1504 632 ἇποῤῥαγεῖεν,
1525 578 1590 617 καὶ
1610 575 1710 631 πρὸς

304 644 471 696 βασιλέα
500 644 741 695 σπείσοιντο,
778 643 847 685 τὸν
867 640 1142 699 στρατηλάτην
1169 642 1269 695 μετὰ
1296 647 1368 696 τῆς
1387 641 1598 697 ὁμαιχμίας
1625 643 1708 683 ἐπι-

305 708 509 762 θήσεσθαι
541 708 938 765 καιροφυλακήσαντα
949 741 963 762 ,
1009 710 1074 750 καὶ
1114 706 1168 757 ὥς
1200 708 1426 758 ἀντιπάλοις
1458 707 1706 764 χρήσασθαι.

304 775 343 818 οἲ
369 776 432 827 δὲ,
478 773 629 818 τούτων
655 777 930 825 ἕνωτισθέντες
957 780 1036 818 τῶν
1063 773 1212 830 λόγων,
1258 777 1323 816 καὶ
1351 780 1422 817 τοῦ
1451 776 1517 817 ἐπ’
1547 774 1710 829 ἀδήλοις

302 848 531 895 σκιαμαχεῖν
557 849 644 890 ταῖς
674 841 810 896 τύχαις
840 842 913 890 τὰς
947 841 1058 898 παρὰ
1085 845 1156 883 τοῦ
1182 840 1474 898 αὐτοκράτορος
1500 843 1760 895 διδομέναςΙΟ

177 903 219 939 Ρ·
241 905 285 941 74
308 908 424 960 τιμὰς
450 907 611 950 ἑλέσθαι
630 913 783 961 μᾶλλον
809 915 991 951 συνοῖσον
1017 907 1112 951 εἶναι
1141 906 1403 962 σκεψάμενοι,
1439 909 1578 956 νυκτὸς
1595 909 1704 950 ἔπελ-

302 972 460 1028 θοίσης
468 1006 481 1025 ,
519 979 591 1028 τῆς
608 979 679 1016 τοῦ
701 978 826 1017 Φωκᾶ
844 973 1073 1023 διαστάντες
1091 973 1263 1030 ἑταιρίας
1270 1007 1285 1027 ,
1321 975 1421 1030 πρὸς
1445 975 1514 1017 τὸν
1532 991 1705 1031 στρατη-

302 1039 426 1094 λάτην
456 1039 803 1095 ἀπηυτομόλησαν.
868 1036 924 1083 ὧν
961 1042 999 1083 οἳ
1023 1040 1260 1096 προῦχοντες
1293 1039 1573 1096 Ἀνδράλεστος
1599 1037 1646 1095 ἦν
1681 1038 1703 1081 ὅ

299 1108 541 1162 Πατρίκιος,
587 1107 826 1160 αὐτανεψιὸς
858 1112 930 1149 τοῦ
961 1111 1109 1159 Φωκᾶ,
1154 1109 1221 1148 καὶ
1253 1105 1274 1149 ὅ
1304 1108 1499 1160 Ἀμπελᾶς
1527 1104 1701 1160 Συμεών.

298 1169 466 1227 Βάρδας
486 1174 550 1224 δὲ,
586 1173 655 1215 τὸν
681 1172 832 1215 τούτων
853 1174 1033 1229 δρασμὸν
1059 1174 1263 1228 διαγνοὺς,
1299 1176 1364 1215 καὶ
1393 1173 1499 1222 ὅπως
1519 1174 1702 1228 ἀπροφα-
1713 1184 1757 1219 15

299 1240 445 1287 σι’στως
482 1239 605 1280 αὐτοῦ
644 1238 943 1295 ἀπερράγησαν,
988 1239 1206 1294 ἤσχαλλεν,
1253 1237 1306 1288 ὥς
1343 1240 1465 1291 εἷκὸς,
1513 1240 1575 1281 καὶ
1608 1239 1704 1287 τοὺς

297 1302 611 1359 ὑπολειφθέντας
628 1305 802 1355 ἱκετείαις
820 1304 1042 1361 ἕξελιπάρει,
1077 1306 1134 1359 μὴ
1156 1308 1473 1360 καταπροδοῦναι
1490 1305 1608 1359 λέγων
1628 1305 1703 1345 αὗ-

297 1370 391 1421 τὸν,
428 1372 492 1411 καὶ
515 1369 560 1412 ὃν
582 1373 795 1426 συνίστορα
820 1372 921 1414 Θεὸν
941 1374 1007 1412 καὶ
1032 1371 1176 1426 ἔφορον
1194 1376 1272 1413 τῶν
1294 1371 1420 1426 ὅρκων
1450 1372 1700 1424 πεποίηνται·

301 1435 576 1490 ἀγωνίσασθαι
595 1438 637 1478 δὲ
652 1441 804 1490 μᾶλλον
822 1440 876 1486 εἷς
895 1436 1074 1491 δύναμιν,
1111 1439 1181 1479 καί
1195 1438 1233 1479 οἱ
1249 1438 1354 1478 δεινοὶ
1373 1435 1586 1479 πεπονθότι
1605 1453 1701 1478 συν-

264 1500 507 1558 Βάρασθαι·
542 1503 634 1543 οὐδὲ
651 1503 726 1557 γὰρ
753 1503 822 1545 τὸν
840 1504 1032 1557 Σκληρόν,
1070 1503 1159 1559 ἔφη,
1197 1503 1331 1552 αὐτοῖς
1349 1501 1530 1556 ἒξισχῦειν
1550 1502 1755 1548 avorti-20

295 1570 370 1622 δην
391 1566 777 1621 ἀντικαθίστασθαι,
814 1569 887 1624 εἴγε
912 1570 969 1623 μὴ
989 1569 1158 1624 νωθρῶς
1181 1570 1294 1611 αὐτοὶ
1312 1572 1374 1611 καὶ
1394 1569 1599 1621 ἀνειμένως
1615 1587 1700 1622 χω-
1740 1561 1743 1564 ¹

297 1641 401 1689 ροῖεν
427 1634 489 1674 ἐπὶ
514 1634 560 1675 τὸ
584 1639 774 1688 πολεμεῖν.
819 1637 884 1677 καὶ
914 1626 1030 1688 ὃμὲν
1061 1634 1230 1691 ἐλιπάρει
1261 1640 1386 1677 ταῦτα
1416 1633 1698 1688 ποτνιώμενος·

297 1700 338 1741 οἳ
358 1700 422 1751 δὲ,
460 1701 524 1741 καὶ
546 1696 667 1749 αὖθις
689 1705 760 1742 τοῦ
781 1702 1049 1756 στρατοπέδου
1070 1700 1337 1757 ὖπεκρέοντες,
1374 1706 1430 1758 τῷ
1447 1700 1701 1757 στρατηλάτῃ

297 1769 464 1825 Σκληρῷ
483 1768 775 1823 προσετίθεντο.
820 1768 968 1823 λέγεται
985 1769 1157 1821 βαθείας
1175 1768 1263 1824 ἄρτι
1279 1767 1417 1816 νυκτὸς
1432 1768 1695 1822 ἐνισταμένης,

383 1873 416 1906 3.
449 1870 678 1916 δηλώσαντας
697 1871 770 1907 cod.
859 1874 892 1909 8.
924 1872 1018 1907 Fort.
1041 1870 1246 1919 χρήσεσθαι.

293 1960 365 1993 alas
382 1962 416 1992 et
432 1971 580 1993 numeros
597 1959 774 2005 descripto,
790 1973 907 1995 versus
925 1962 1132 2007 Dipotamum
1146 1964 1264 1995 movet.
1300 1961 1376 2001 Quo
1390 1973 1460 1995 cum
1477 1961 1697 2005 pervenisset,

294 2003 328 2036 in
344 2004 475 2036 Phocae
506 2009 616 2038 castra
630 2017 671 2038 ex
688 2006 865 2050 improviso
882 2007 1107 2050 exploratores
1120 2006 1234 2046 mittit,
1255 2006 1475 2038 mendicorum
1490 2006 1616 2046 habitu,
1641 2007 1699 2050 qui

293 2047 504 2090 Imperatoris
530 2050 782 2092 pollicitationes
803 2051 1096 2095 impunitatemque
1117 2050 1308 2083 delictorum
1327 2050 1508 2093 praefectis
1529 2051 1698 2094 copiarum

294 2091 480 2131 declarent,
504 2093 723 2138 nuncientque
746 2100 940 2138 praeterea,
963 2096 1027 2128 nisi
1045 2095 1204 2137 extemplo
1221 2105 1242 2126 a
1258 2094 1426 2127 defectore
1443 2094 1620 2134 recedant,
1643 2100 1698 2127 at·-

293 2147 359 2179 que
374 2147 445 2168 cum
459 2136 659 2180 Imperatore
675 2140 901 2182 paciscantur,
926 2140 1121 2183 Magistrum
1137 2138 1292 2171 infestum
1314 2137 1377 2170 iam
1394 2149 1465 2171 cum
1479 2138 1584 2181 ipsius
1599 2149 1696 2172 manu

292 2191 349 2212 eos
366 2191 607 2223 aggressurum,
630 2183 834 2227 hostiumque
853 2195 984 2216 numero
1004 2184 1199 2216 habiturum.
1245 2182 1341 2221 Quae
1349 2193 1425 2225 ‘cum
1439 2182 1618 2222 audissent,
1639 2193 1696 2215 re-

291 2228 466 2268 putanteS‚
488 2236 529 2257 ex
548 2237 585 2258 re
603 2237 664 2259 sua
681 2239 765 2267 esse,
790 2228 968 2271 dignitates
986 2228 1027 2259 ab
1044 2230 1192 2270 Augusto
1209 2226 1335 2258 oblatas
1349 2226 1439 2259 inani
1461 2226 1568 2259 labori
1585 2226 1696 2259 incer-

290 2269 400 2312 tisque
425 2269 565 2301 fortunis
590 2272 773 2313 anteferre,
796 2273 852 2304 ubi
876 2283 941 2305 nox
965 2271 1172 2315 supervenit,
1195 2270 1311 2303 relicto
1335 2272 1465 2303 Phocae
1482 2270 1632 2303 sodalitio
1653 2269 1696 2303 ad

291 2312 486 2355 Magistrum
511 2315 744 2358 transfugiunt.
798 2316 851 2348 Ex
869 2316 920 2349 his
944 2316 1109 2359 principes
1129 2315 1262 2348 fuerunt
1284 2315 1500 2348 Andralestus
1522 2315 1694 2358 patricius,

291 2356 503 2390 consobrinus
532 2357 684 2399 Phocae,
715 2364 750 2392 et
770 2359 900 2393 Simeon
922 2360 1085 2403 Ampelas.
1140 2359 1283 2401 Cognita
1307 2359 1420 2392 horum
1445 2360 1527 2402 fuga
1553 2358 1713 2398 Bardass

290 2412 450 2445 quamque
475 2401 583 2434 subito
614 2414 635 2435 a
660 2415 697 2436 se
721 2404 939 2443 defecissent,
963 2404 1132 2447 graviter,
1155 2407 1192 2434 ut
1212 2414 1272 2446 par
1287 2408 1370 2443 erat,
1392 2415 1461 2436 rem
1475 2402 1564 2443 tulit,
1586 2414 1694 2435 rema-

289 2450 470 2489 nentesque
496 2447 699 2489 supplicibus
722 2448 832 2480 verbis
861 2448 1066 2491 imploravit,
1089 2458 1206 2487 orans,
1235 2459 1300 2486 „ne
1323 2458 1395 2480 cum
1411 2459 1486 2481 sese
1503 2447 1692 2491 proderent,

283 2495 356 2522 ‘tum
372 2489 485 2530 Deum,
509 2501 604 2533 quem
618 2495 734 2524 testem
750 2492 1032 2535 inspectoremque
1058 2491 1253 2524 sacramenti
1273 2492 1514 2525 adhibuissent:
1537 2490 1616 2534 quin
1633 2490 1694 2523 de-

287 2538 478 2576 pugnarent
504 2535 613 2578 potius
639 2547 699 2579 pro
714 2535 840 2568 viribus
853 2559 863 2575 ‚
887 2536 1016 2579 sibique
1038 2536 1177 2578 indigna
1194 2547 1289 2578 passo
1304 2548 1398 2580 opem
1416 2537 1563 2569 ferrent:
1585 2545 1693 2578 neque

287 2589 367 2610 vero
388 2578 535 2611 Sclerum
562 2580 642 2613 satis
656 2580 781 2612 firmum
809 2591 882 2613 esse
901 2580 943 2612 ad
960 2579 1055 2623 signa
1073 2581 1272 2613 conferenda
1283 2605 1293 2620 ,
1315 2580 1409 2613 modo
1428 2581 1551 2623 absque
1569 2579 1692 2611 inertia

288 2626 386 2664 atque
403 2622 530 2655 desidia
552 2624 617 2667 ipsi
635 2624 671 2657 in
686 2623 788 2657 aciem
804 2623 985 2656 venirent.”
1023 2625 1116 2656 Haec
1134 2624 1164 2656 is
1182 2625 1333 2667 precibus
1351 2628 1450 2667 atque
1465 2623 1693 2656 obsecratione

287 2675 381 2697 usus:
404 2666 451 2699 illi
467 2666 675 2701 nihilominus
694 2679 736 2701 ex
750 2668 867 2700 castris
887 2667 983 2709 elabi,
1007 2668 1048 2700 ad
1068 2668 1330 2712 Magistrumque
1345 2680 1381 2701 se
1397 2668 1546 2700 conferre
1563 2678 1627 2699 non
1641 2666 1692 2698 in-

286 2709 504 2744 termiserunt.
556 2713 662 2747 Multa
681 2711 745 2746 iam
770 2723 836 2745 nox
850 2716 943 2753 erat,
966 2723 1040 2746 cum
1055 2712 1135 2756 fuga
1156 2713 1316 2747 sociorum
1334 2713 1543 2746 vehementer
1561 2710 1692 2756 percul-
