1768 3034
271 119 336 165 90
745 119 948 165 LEONIS
975 120 1215 165 DIACONI

63 237 99 267 A·
117 234 162 266 Μ·
180 233 267 268 6478
280 247 359 273 των
377 233 659 286 συντηρεῒσθαι
675 227 747 282 τὴν
767 227 931 284 ἀρετὴν,
968 228 1034 268 καὶ
1050 227 1108 281 μὴ
1128 225 1511 284 παραχαράττεσθαι
1529 230 1601 285 τὴν
1620 235 1693 273 τοῦ

103 280 168 313 lnd.
191 279 234 314 13
278 298 433 340 δικαίου
462 297 674 352 ἀκρίβειαν.
729 295 791 337 διὸ
822 297 888 336 καὶ
916 294 1189 348 ἀπαραίτητος
1217 289 1267 349 ἦν
1295 297 1349 344 εἷς
1366 296 1439 351 τὴν
1456 295 1609 340 τούτων
1629 299 1693 339 ἔκ-

273 366 449 419 ὄίκησιν,
486 366 654 411 καὶτοῖς
670 362 969 404 ὂλισθαίνουσιν
998 359 1263 416 ἀδυσώπητος
1289 365 1355 404 καὶ
1387 364 1576 420 φορτικὸς
1603 363 1692 407 366-

273 449 352 483 κει,
389 432 455 472 καὶ
486 430 669 484 ἐπαχθὴς
704 436 789 478 τοῖς
820 426 1044 484 ἀδιάφορον
1071 428 1224 470 ἀντλεῖν
1254 429 1325 471 τὸν
1353 431 1443 482 βίον
1471 431 1691 473 ἐθέλουσιν.

273 498 349 553 ἐγὼ
376 499 424 539 δέ
447 513 571 553 φημι,
609 495 664 544 ὥς
692 498 725 538 εἶ
742 494 799 549 μή
821 512 880 543 τις
899 495 1002 536 κατὰ
1019 495 1116 551 ῥοῦν
1137 496 1369 552 φερομένοις
1387 504 1472 547 τοῖς
1491 496 1727 554 πράγμασιὸ
1767 489 1768 527 3

271 563 476 618 βάσκανος
491 561 740 616 νεμεσήσασα
759 561 857 616 τύχη
869 562 938 604 τὸν
957 562 1087 619 ἄνδρα
1103 567 1247 605 τοῦτον
1267 563 1367 616 ταχὺ
1389 569 1460 605 τοῦ
1478 566 1570 618 βίου
1590 563 1695 619 ἀπή-

271 648 363 686 γαγε
373 664 387 683 ,
423 632 610 685 μεγίστην
631 629 680 671 ἂν
696 628 723 684 ἦ
742 634 822 672 τῶν
836 628 1040 682 Ῥωμαίων
1058 628 1245 684 ἡγεμονία
1266 632 1332 671 καὶ
1355 632 1444 673 οἵαν
1465 632 1537 673 οὐκ
1556 630 1696 674 ἄλλοτε

271 698 444 739 εὔκλειαν
465 696 723 751 ἀπηνέγκατο.
762 696 866 738 ἀλλὰ
884 696 959 751 γὰρ
979 694 1004 750 ἦ
1024 695 1213 752 πρόνοια,
1250 697 1302 738 τὰ
1319 698 1474 754 σκληρὰ
1491 700 1556 740 καὶ
1574 696 1695 754 ὗπὲρ-

235 773 378 818 Βαυχα
406 769 486 806 τῶν
521 762 749 819 ἀνθρώπων
779 764 1062 817 ἀποστυγοῦσα
1088 762 1352 819 φρονήματα,
1391 763 1545 807 κολούει
1569 782 1610 807 τε
1630 767 1697 806 καὶ

56 844 124 875 Fol.
144 840 214 879 297
229 853 253 875 ι-.
271 832 509 888 περιστέλλει
527 832 594 872 καὶ
613 832 667 878 εἷς
684 830 729 872 τὸ
751 832 877 884 μηδὲν
903 834 1099 881 συνωθεῖ,
1138 829 1198 880 οἷς
1225 829 1331 872 οἶδεν
1356 830 1579 887 ἆνεφίκτοις
1608 833 1694 888 κρί-
1708 845 1752 878 10

270 914 371 952 μασι
389 898 488 954 πρὸς
508 897 554 939 τὸ
573 898 778 954 συμφέρον
799 898 845 940 τὸ
866 901 937 939 τοῦ
957 898 1050 951 βίου
1071 902 1295 953 πορθμεῖον
1312 897 1552 941 εὖθύνουσα.

370 974 429 1019 θ’.
462 974 509 1018 Ὁ
537 975 584 1017 δέ
597 992 639 1030 γε
661 973 868 1030 Ἰωάννης,
907 978 987 1018 ἐπεὶ
1008 977 1054 1019 τὸ
1077 981 1259 1019 τοιοῦτον
1278 977 1494 1031 θεοστυγὲς
1514 977 1579 1018 καὶ
1600 974 1695 1018 ἀνό-

273 1059 361 1086 σιον
388 1047 517 1097 μῦσος
549 1040 784 1098 εἰργάσατο,
830 1045 894 1084 ἐπὶ
930 1044 1000 1086 τὸν
1029 1044 1213 1100 λαμπρὸν
1246 1042 1353 1085 οἷκον
1387 1047 1459 1097 τῆς
1486 1047 1696 1097 βασιλικῆς

274 1109 408 1159 ἑστίας
434 1110 649 1165 παρελθών
677 1109 1049 1166 (Χρυσοτρίκλινον
1078 1111 1149 1153 τὸν
1180 1109 1305 1163 δόμον
1334 1109 1692 1167 κατονομάζουσι),

270 1176 317 1220 τό
352 1194 393 1219 τε
434 1177 592 1219 πέδιλον
622 1177 667 1218 τὸ
699 1177 874 1232 ἐρυθρὸν
911 1184 995 1226 τοῖς
1025 1180 1141 1220 ποσὶν
1170 1175 1442 1233 ἕνηρμόσατο,
1488 1179 1554 1218 καὶ
1583 1178 1695 1233 παρὰ
1707 1187 1750 1221 15

274 1244 345 1286 τὸν
371 1242 524 1300 θρόνον
550 1242 733 1285 κεκάθικε
763 1244 832 1285 τὸν
849 1245 1078 1297 βασιλικὸν,
1117 1246 1182 1286 καὶ
1202 1246 1289 1300 περὶ
1309 1248 1389 1285 τῶν
1420 1248 1561 1286 κοινῶν
1589 1261 1695 1300 πρα-

273 1308 436 1366 γμάτων
455 1308 699 1366 ἐφρόντιζεν,
738 1309 845 1359 ὅπως
873 1310 1026 1353 τούτων
1047 1309 1239 1367 ἐγκρατής
1257 1327 1298 1352 τε
1319 1310 1469 1365 γε’νοιτο
1478 1344 1492 1362 ,
1530 1312 1596 1352 καὶ
1613 1308 1695 1365 μή-

273 1394 333 1426 τις
365 1375 473 1435 αὖτῷ
499 1375 777 1419 ὃιαστασιάσοι
806 1382 887 1419 τῶν
916 1379 957 1427 ἐξ
985 1380 1154 1431 αἳζιιατος
1179 1376 1461 1433 προσηκόντων
1490 1382 1547 1434 τῷ
1572 1378 1695 1419 αὖτο-

236 1442 452 1500 Οκράτορι.
498 1445 536 1485 οἱ
553 1445 597 1485 δὲ
614 1448 686 1485 τοῦ
705 1443 942 1500 Νικηφόρου
969 1443 1214 1486 ὑπασπισταὶ
1224 1477 1237 1495 ,
1276 1444 1358 1496 ὀψέ
1372 1461 1467 1485 ποτε
1487 1445 1560 1498 τὴν
1581 1444 1694 1486 ἀναί-

270 1526 377 1567 ρεσιν
403 1509 548 1552 τούτου
577 1511 876 1562 ε’νωτισθὲντες,
924 1510 1118 1566 ὥρμησαν
1147 1513 1343 1564 ἐπαμῦναι
1376 1511 1508 1567 αὐτῷ,
1544 1509 1751 1555 minoto-2⁰

271 1576 480 1629 πιέζοντες,
519 1579 560 1619 ἐν
587 1584 671 1626 τοῖς
691 1579 806 1628 ζῶσιν
834 1577 890 1619 ἔτι
910 1585 1094 1633 περιεῖναι
1116 1578 1186 1620 τὸν
1208 1578 1359 1632 ἄνδρα,
1397 1580 1463 1618 καὶ
1483 1578 1556 1626 τὰς
1580 1581 1695 1632 σιδη-

271 1645 364 1699 ρὲας
383 1643 509 1692 πύλας
531 1646 649 1685 παντὶ
669 1645 801 1686 σθένει
821 1643 1101 1698 ἅναμοχλεύειν
1127 1646 1349 1700 ἐπειρῶντο.
1397 1644 1498 1686 ἀλλὰ
1521 1643 1540 1686 ὃ
1558 1642 1695 1687 Ἰωάν-

271 1728 341 1765 νης
377 1711 449 1765 τὴν
477 1711 652 1766 κεφαλὴν
678 1713 888 1766 ἐνεχθῆναι
918 1716 990 1753 τοῦ
1021 1710 1259 1768 Νικηφόρου
1289 1710 1580 1764 ἕνεκελεύσατο,
1629 1713 1695 1752 καὶ

355 1841 389 1874 5.
431 1838 629 1882 φερόμενος
659 1839 732 1872 cod.
837 1840 894 1874 21.
927 1838 1094 1884 σιδηρὲας
1113 1837 1239 1879 πύλας.
1282 1840 1339 1873 Ex
1353 1840 1512 1884 Homero,
1537 1842 1576 1874 ut
1599 1843 1693 1885 puto,

356 1884 450 1917 Iliad.
474 1885 516 1919 Θ.
540 1886 592 1919 15.
615 1883 710 1919 ἔνθα
731 1883 911 1928 σιδήρειαί
930 1896 968 1920 τε
987 1884 1099 1919 πύλαι
1116 1885 1177 1919 καὶ
1197 1883 1345 1929 χάλκεος
1363 1881 1485 1926 οὐδός.

266 1998 456 2038 corruptam
480 1994 637 2028 virtutem
657 1995 741 2035 coli,
765 2006 875 2039 neque
901 1995 1032 2029 omnino
1057 2007 1077 2029 a
1104 2006 1227 2028 summa
1247 1995 1416 2038 aequitate
1441 1994 1556 2028 recedi
1579 1995 1694 2029 vellet.

268 2040 434 2080 Quocirca
461 2039 677 2073 inexorabilis
702 2045 775 2073 erat
800 2040 836 2072 in
861 2040 1081 2080 vindicando,
1115 2040 1449 2083 delinquentibusque
1469 2040 1571 2073 durus
1597 2040 1694 2073 vide-

268 2086 367 2118 batur
383 2092 484 2128 atque
501 2084 625 2127 graviS‚
645 2085 869 2128 molestasque
885 2085 964 2125 illis,
986 2086 1043 2128 qui
1060 2083 1248 2117 liberiorem
1267 2084 1371 2116 vitam
1387 2095 1486 2127 agere
1502 2085 1694 2128 cupiebant.

270 2130 348 2172 Ego
369 2140 450 2162 vero
470 2129 563 2168 dico,
588 2129 652 2161 nisi
672 2130 771 2162 rebus
796 2129 845 2162 sic
869 2130 1011 2162 secundo
1037 2140 1137 2162 cursu
1163 2128 1349 2161 fluentibus
1379 2139 1439 2171 per
1459 2129 1620 2162 invidiam
1641 2129 1694 2161 in-

271 2174 410 2217 dignata
432 2174 568 2206 fortuna
583 2173 669 2206 hunc
695 2174 802 2207 virum
819 2173 918 2207 citius
936 2186 956 2207 e
973 2174 1046 2206 vita
1063 2173 1268 2214 sustulisset,
1291 2172 1468 2206 maximum
1486 2174 1694 2217 splendorem

271 2230 325 2253 res
340 2219 487 2251 Romana
499 2242 509 2258 ‚
533 2222 568 2250 et
582 2218 712 2262 qualem
726 2229 894 2261 nunquam
910 2219 1010 2258 alias,
1034 2218 1243 2250 obtinuisset.
1289 2216 1357 2249 Sed
1374 2217 1584 2260 providentia
1595 2242 1605 2259 ,
1629 2218 1694 2251 du-

271 2274 327 2297 ros
353 2266 454 2306 atque
481 2262 586 2295 elatos
607 2263 770 2295 hominum
789 2264 915 2295 animos
932 2263 1015 2295 male
1036 2273 1114 2301 osa,
1139 2261 1267 2304 frangit
1287 2262 1541 2305 comminuitque
1564 2273 1623 2295 eos
1650 2262 1694 2294 ad

271 2307 472 2351 nihilumque
480 2306 625 2350 redigit,
648 2307 1044 2350 incomprehensibilibus,
1069 2317 1155 2350 quae
1172 2306 1284 2347 novit,
1307 2305 1439 2340 iudiciis
1456 2306 1500 2340 ad
1526 2306 1694 2340 commoda.

270 2356 385 2386 nostra
402 2352 549 2396 cymbam
570 2351 662 2384 vitae
678 2351 837 2394 dirigens.

356 2409 390 2442 9.
413 2407 563 2447 Ioannes,
579 2410 710 2450 patrato
729 2406 887 2440 eiusmodi
901 2406 1024 2439 numini
1038 2416 1139 2438 exoso
1156 2408 1259 2449 atque
1273 2405 1373 2449 impio
1388 2405 1549 2446 facinore,
1565 2405 1695 2449 magni-

270 2452 369 2486 ficum
386 2463 490 2485 oecon
505 2452 621 2496 palatii
635 2451 804 2494 ingressus
821 2451 1146 2495 (Chrysotriclinium
1160 2450 1196 2483 id
1216 2451 1373 2483 conclave
1389 2451 1541 2493 vocant),
1563 2451 1692 2483 calcea-
1740 2476 1746 2486 x

270 2501 381 2531 menta
394 2498 497 2530 rubra
519 2497 659 2540 pedibus
675 2496 824 2539 aptavit,
853 2496 888 2528 in
911 2496 1059 2538 solioque
1086 2495 1204 2527 sedens
1232 2495 1445 2538 imperatorio
1473 2495 1517 2527 ad
1541 2505 1693 2527 summam

271 2553 380 2575 rerum
400 2541 538 2574 animum
554 2540 731 2580 convertit,
749 2552 813 2584 quo
831 2546 931 2584 pacto
949 2551 988 2572 ea
1003 2539 1180 2582 potiretur,
1196 2539 1455 2583 seditionemque
1469 2550 1580 2572 eorum
1594 2550 1694 2582 prae-

271 2586 419 2626 veniret,
451 2588 509 2630 qui
534 2586 767 2629 Imperatorem
794 2584 991 2627 cognatione
1015 2583 1236 2626 attingebant.
1282 2584 1374 2616 Inter
1399 2585 1482 2616 haec
1507 2582 1693 2626 Nicephori

272 2634 497 2674 protectores,
538 2631 610 2663 fato
634 2629 707 2662 eius
731 2629 860 2662 tardius
884 2628 1039 2672 cognito,
1078 2628 1121 2660 ad
1144 2640 1239 2671 opem
1267 2627 1435 2661 ferendam
1462 2630 1696 2671 proruperunt,

268 2675 358 2717 quod
382 2675 596 2719 superstitem
621 2674 804 2707 etiamnunc
829 2685 905 2707 esse
931 2684 1002 2706 eum
1025 2672 1298 2716 suspicabantur,
1331 2673 1482 2715 omnique
1507 2671 1542 2706 vi
1567 2670 1694 2705 emoliri

270 2718 398 2752 ferreas
424 2720 537 2753 conati
561 2724 676 2764 portas
697 2723 785 2752 sunt.
832 2718 920 2752 Tum
937 2719 1075 2751 Ioannes
1102 2723 1204 2762 caput
1220 2717 1404 2761 Nicephori
1429 2716 1591 2760 proferri,
1616 2726 1693 2760 per—
