1748 3094
296 103 394 150 368
682 108 1025 155 LUITPRANDI
1058 108 1314 155 LEGATIO

402 212 641 264 Argolicum
655 226 735 249 non
751 219 842 249 tata
851 210 982 262 fides:
1014 211 1163 263 Procul
1179 220 1256 251 esto
1273 214 1437 255 Latine.

408 266 584 318 Credere,
611 281 679 305 nec
696 275 858 304 mentem
873 267 1001 304 verbis
1018 266 1201 305 adhibere
1219 277 1418 319 memento.

409 324 570 362 Vincere
588 322 684 359 dum
703 324 854 373 possit,
885 336 1007 373 quam
1023 330 1157 360 sancte
1170 325 1324 374 peierat
1342 323 1500 375 Argos!

403 380 600 416 Marmore
619 391 721 427 qaae
742 379 852 413 vario
871 379 1032 428 magnis
1042 386 1156 429 patet
1173 379 1261 415 alta
1275 380 1467 429 fenestris

400 435 515 471 Haec
535 435 733 483 inaquosa
749 431 908 481 domna,
939 433 1121 471 concluso
1136 436 1277 485 pervia
1292 435 1383 483 soli,

400 490 572 539 Frigora
591 489 831 538 suscipiens,
861 495 1014 525 aestum
1033 503 1100 526 nec
1113 503 1235 526 saeva
1254 490 1454 540 repellens.

397 543 571 581 Praesul
587 543 636 579 ab
652 543 837 580 Ausonia
851 544 1134 593 Lnitprandas
1155 546 1198 581 in
1214 545 1308 582 urbe
1330 544 1519 583 Cremona

402 599 784 648 Constantinopolim
804 601 924 648 paci-s·
945 601 1150 649 profectus
1168 614 1299 637 amore

405 655 605 704 Quattuor
624 655 784 691 aestivis
803 653 1016 691 concludor
1035 655 1233 692 mensibus·
1251 657 1363 693 istic.-

261 715 292 749 E
410 709 674 760 Indaperator
696 711 798 745 enim
813 711 969 745 Bareas
988 707 1043 755 ³⁶)
1067 709 1339 747 conscenderat
1362 712 1466 758 Otto,
1531 758 1538 762 ι

409 764 536 803 Caede
553 765 692 812 simul,
710 765 971 815 flammisque
987 764 1065 801 sibi
1085 766 1174 802 loca
1193 765 1353 802 subdere
1373 774 1541 815 tentam,

406 819 485 858 Sed
501 820 687 871 precibus
704 827 847 856 remeat
864 820 1071 856 Romanas
1089 822 1215 858 victor
1232 820 1291 857 ad
1306 820 1421 858 urbes

405 874 500 914 Inde
518 877 624 913 meis.
681 876 839 912 IVaram
857 876 1048 925 promisit
1071 877 1241 912 Graecia
1258 875 1435 926 mendax,

407 932 520 980 Quae
538 944 606 967 nec
621 937 722 967 nata
729 932 860 979 foret,
889 943 959 966 nec
980 944 1040 966 me
1056 933 1204 968 venisse
1220 930 1375 979 doleret,

403 987 484 1023 Nec
500 986 647 1022 rabiem
668 986 883 1036 ,Niceplwre
903 992 1015 1022 tuam
1026 986 1259 1036 perpendere
1278 988 1441 1037 quirem,

397 1043 636 1091 Privignam
653 1041 861 1091 prohibe-9,
891 1043 963 1091 qai
980 1049 1074 1078 nato
1093 1044 1253 1093 iungere
1268 1042 1400 1079 herili.

397 1097 577 1134 Imminet
593 1111 672 1133 ecee
691 1095 775 1132 dies
787 1097 924 1145 fariis
942 1110 1032 1133 cam
1047 1098 1194 1147 pulsus
1211 1097 1375 1146 acerbis,

401 1153 458 1189 Ni
478 1154 591 1188 Deus·
608 1159 780 1200 avertat,
811 1159 890 1188 toto
913 1153 1028 1188 Mar-s·
1041 1155 1187 1189 saeviet
1206 1153 1306 1200 orbe,

403 1208 592 1256 Crimine,
615 1221 774 1258 paxque
794 1214 862 1243 tuo
883 1209 1036 1243 cunctis
1059 1207 1236 1258 optanda
1256 1207 1400 1245 silebit.

139 1289 178 1322 P.
201 1286 267 1324 488
289 1284 360 1322 His
391 1283 627 1335 conscriptis
651 1272 827 1322 versibus
852 1289 962 1321 sexto
989 1284 1119 1323 Nonas
1148 1285 1327 1324 Octobris
1356 1284 1454 1324 hora
1484 1285 1631 1324 decima
1658 1299 1723 1334 ex?

148 1334 220 1368 0⁰¹·
245 1339 263 1370 1
286 1352 354 1389 illa
379 1351 573 1402 quondam
591 1350 881 1402 opulentissima
905 1356 943 1388 et
958 1351 1249 1400 florentissima,
1278 1364 1384 1388 nunc
1399 1351 1586 1402 famelica,
1613 1364 1708 1403 per-

286 1419 393 1468 iura,
419 1418 623 1461 mendace,
656 1417 810 1463 dolosa,
839 1430 996 1468 rapace,
1030 1418 1193 1467 cupida,
1223 1430 1364 1466 avara,
1394 1417 1591 1455 cenodoxa
1610 1417 1707 1456 civi-

285 1491 364 1522 tate
387 1497 473 1522 cum
495 1484 661 1520 diasoste
684 1495 767 1520 meo
785 1482 903 1520 lintre
931 1496 1124 1533 egressus,
1150 1483 1285 1521 diebus
1313 1483 1561 1534 quadraginta
1578 1489 1617 1521 et
1634 1494 1706 1521 no-

283 1564 395 1599 vem,
425 1548 624 1592 asinando,
655 1548 898 1597 ambulando,
930 1539 1150 1600 equitando,
1181 1549 1402 1597 ieiunando,
1428 1548 1615 1598 sitiendo,
1641 1561 1707 1586 su-

286 1616 491 1668 spirando,
520 1614 673 1663 flendo,
702 1614 886 1664 gemendo
915 1615 1159 1666 Naupactum
1184 1615 1293 1664 veni,
1324 1627 1421 1666 quae
1449 1621 1507 1652 est
1531 1614 1707 1666 Nicopo-

284 1685 365 1721 leos
384 1682 541 1721 civitas:
569 1682 611 1718 in
638 1694 713 1732 qua
745 1681 928 1718 diasostes
952 1695 1059 1719 meus
1088 1694 1149 1719 me
1185 1682 1377 1719 deserens-
1395 1680 1543 1719 duabus
1572 1681 1706 1732 parvis

285 1749 510 1801 impositum
529 1748 693 1786 navibus
718 1747 868 1785 duobus
884 1761 946 1785 me
965 1748 1268 1796 mandatoribus,
1297 1746 1362 1798 qui
1381 1746 1625 1798 Hydruntem
1644 1758 1706 1784 me

284 1829 356 1867 per
378 1829 484 1853 mare
504 1815 784 1863 conducerent,
815 1814 1111 1855 commendavit.
1168 1814 1311 1853 Verum
1342 1825 1433 1850 cum
1459 1812 1626 1861 entolin,
1660 1810 1706 1849 id.

285 1887 344 1919 est
363 1887 614 1931 praeceptum
636 1881 696 1918 ius
725 1881 913 1931 captionis
947 1894 968 1917 a
994 1881 1229 1918 Graecorum
1251 1878 1496 1930 Principibus
1518 1890 1600 1915 non
1627 1875 1704 1913 ha-

285 1945 440 1994 berent,
469 1947 604 1984 ubiubi
639 1948 939 1999 spernebantur:
968 1959 1040 1984 nec
1065 1947 1142 1983 iam
1163 1959 1236 1983 nos
1264 1946 1311 1982 ab
1337 1943 1455 1995 ipsis,
1484 1942 1553 1980 sed
1581 1941 1658 1993 ipsi
1681 1955 1704 1979 a

251 2011 401 2048 Bnobis
418 2012 630 2050 alebantur.
687 2012 811 2059 Quam
838 2026 951 2064 saepe
977 2013 1079 2051 illud
1097 2012 1367 2050 Terentianum
1391 2021 1541 2047 mecum
1561 2014 1704 2045 stoma-

285 2077 448 2116 chabar:
478 2078 621 2116 Tutore
646 2092 742 2129 opus
772 2085 850 2126 est,
881 2091 978 2128 quos
1006 2078 1222 2115 defensores
1258 2089 1382 2127 paras.
1436 2074 1558 2124 Igitur
1582 2073 1704 2111 Nonis

285 2143 447 2182 Kalend.
483 2144 655 2182 Decemb.
684 2141 927 2195 Naupactum
966 2155 1155 2192 egressus,
1195 2141 1314 2179 biduo
1343 2140 1393 2178 ad
1424 2138 1626 2178 Offidarim
1644 2138 1703 2190 37)

284 2208 450 2246 fiuvium
477 2221 598 2258 usque
629 2211 809 2260 perveni,
839 2216 884 2247 ut
899 2206 953 2264 3⁸)
982 2209 1075 2246 meis
1101 2207 1301 2245 comitibus
1327 2219 1408 2244 non
1434 2205 1478 2243 in
1498 2200 1719 2254 naviculis‚'

286 2286 382 2325 quae
402 2286 465 2310 eos
489 2287 625 2324 capere
644 2289 726 2313 non
749 2281 947 2327 poterant,
975 2274 1253 2323 residentibus,
1284 2273 1350 2311 sed
1371 2285 1481 2311 secus
1498 2272 1593 2309 litus
1616 2284 1703 2323 per·

286 2340 476 2391 gentibus.
533 2341 654 2378 Positi
673 2342 802 2392 itaque
819 2342 859 2378 in
884 2340 1056 2378 Offidaro
1075 2339 1253 2387 flumine,
1282 2339 1413 2376 Patras
1434 2338 1509 2375 alio
1526 2337 1642 2375 maris
1659 2336 1703 2375 in

286 2407 401 2444 litore
427 2406 558 2444 decem
574 2413 612 2444 et
634 2413 721 2444 octo
741 2407 965 2445 milliaribus
993 2406 1132 2443 distare
1149 2406 1440 2456 prospeximus:
1468 2416 1580 2454 quem
1597 2401 1703 2453 Apo-

287 2473 443 2511 stolicae
452 2473 640 2525 passionis
658 2473 802 2521 locum,
823 2473 913 2523 quia
927 2472 1297 2522 Constantinopolim
1316 2469 1553 2508 ascendendo
1562 2467 1702 2506 visita-
1733 2505 1738 2507 .

286 2539 433 2587 vimus,
462 2539 725 2578 adoravimus:
777 2552 885 2576 nunc
919 2550 1003 2577 eum
1042 2538 1200 2577 visitare
1227 2543 1265 2574 et
1295 2536 1453 2575 adorare
1489 2533 1703 2583 (confiteor

332 2638 396 2680 36)
417 2638 510 2671 Fort.
528 2637 668 2678 Barim,
692 2635 764 2668 sive
793 2634 945 2668 Barium.
982 2634 1087 2669 Mur,
1176 2635 1238 2678 37)
1267 2633 1359 2668 Alias
1381 2630 1578 2677 Ophidarin.
1603 2630 1702 2664 Can.

331 2682 394 2726 88)
424 2683 533 2717 Locus
555 2681 779 2727 imperfectus.
818 2680 927 2714 Mur.
