1728 3172
226 239 311 268 vlu
792 224 1127 270 PRAEFATIO.

226 332 364 368 meritus
395 336 459 367 est.
524 331 648 365 Verum
677 329 715 363 in
745 331 814 363 tam
842 327 1015 373 praeclaro
1045 318 1149 372 opere
1179 322 1376 360 crudeliter·
1403 323 1486 358 lusit
1519 322 1669 366 fortuna,

227 417 326 451 quum
353 404 509 440 maiorem
541 402 765 449 exemplorum
793 405 921 447 partem
945 399 1124 444 naufragio
1156 408 1247 432 mare
1273 395 1446 439 hauserit3
1479 400 1520 431 ut
1551 396 1671 442 pauci-

227 482 283 512 tas
312 477 529 523 superstitum
558 481 596 511 et
615 475 726 522 pretio
750 464 786 509 et
808 473 951 508 raritate
978 472 1101 507 librum
1122 482 1145 521 a
1167 468 1319 516 plurimis
1347 469 1532 515 expetitum
1553 481 1582 505 a,
1596 471 1670 516 pri-

224 555 382 585 vatorum
412 548 625 584 bibliothecis
658 549 734 582 fere
764 545 967 581 excluderet.
1020 545 1141 590 Itaque
1173 546 1379 588 compertum
1409 543 1517 578 habeo
1546 543 1669 578 multos

227 623 294 658 sibi
323 623 551 668 gratulaturos
587 633 662 656 esse
689 619 892 666 repetitione
920 621 1038 654 nostra
1066 619 1155 654 hanc
1183 616 1347 652 sublatam
1377 608 1453 650 esse
1481 618 1671 662 querelam

227 707 345 731 verum
366 698 461 730 tauto
485 694 716 728 cumulatiores
740 696 845 739 agant
866 692 973 727 Hasio
996 691 1144 737 gratias,
1168 694 1261 737 quod
1281 693 1315 728 is
1335 693 1455 729 librum
1476 702 1574 737 quem
1595 690 1672 737 ipse

227 768 405 803 tractando
443 767 628 813 expolivit,
669 766 766 800 nobis
795 764 1050 800 exscribendum
1079 766 1256 801 concessit.
1311 767 1497 802 Praeterea
1528 765 1567 800 in
1595 763 1671 800 edi-

229 841 319 875 tione
340 843 475 882 nostra,
507 844 546 874 ut
567 839 725 874 instituta
753 837 904 873 universi
933 837 1047 883 operis
1068 837 1157 873 ratio
1180 842 1396 882 servaretur,
1427 849 1588 877 armorum
1608 846 1670 872 no-

227 913 312 947 tatio
343 912 486 947 accessit
514 912 742 958 quadruplam
783 911 826 946 ab
857 910 990 956 origine
1017 911 1131 945 mundi
1161 911 1342 947 secundum
1364 913 1539 953 Graecos,
1568 921 1671 945 aerae

227 986 378 1030 vulgaris
408 985 640 1027 Christianae,
671 972 889 1026 indictionis,
919 995 960 1018 ac
989 983 1135 1030 denique
1158 971 1419 1031 imperatorum:
1451 995 1550 1030 quam
1572 983 1673 1018 Clas·

228 1070 327 1092 senus
348 1069 442 1092 meus
463 1058 717 1103 diligentissime
744 1056 906 1102 digessit,
935 1056 1107 1092 docentem
1137 1063 1275 1094 secutus
1297 1057 1457 1099 Hasium,
1487 1056 1550 1102 qui
1571 1056 1672 1090 chro—

229 1131 400 1176 nologicas
428 1142 562 1176 quoque
588 1131 738 1165 rationes
770 1134 931 1164 accurate
950 1130 987 1164 in
1009 1131 1281 1165 annotationibus
1310 1129 1484 1165 tractavit.
1537 1128 1674 1163 Omissa

228 1215 306 1238 esse
332 1215 532 1248 gemmarum
553 1207 700 1249 ectypa,
731 1214 820 1248 quae
840 1202 1029 1237 Parisinam
1051 1203 1231 1238 editionem
1253 1206 1395 1245 ornant,
1425 1213 1521 1237 nemo
1543 1212 1673 1247 aequus

228 1276 459 1322 vituperabit,
490 1276 551 1322 qui
579 1276 786 1322 propositum
816 1278 967 1310 nostrum
1001 1276 1234 1322 perspexerit,
1266 1287 1357 1322 quo,
1397 1277 1436 1308 ut
1466 1284 1568 1319 quam
1597 1273 1672 1318 plu—

229 1348 321 1383 rimis
346 1349 562 1391 consulatur,
584 1349 688 1383 solam
709 1349 908 1391 utilitatem,
935 1353 1064 1383 remota
1085 1348 1237 1394 pretiosa
1257 1347 1448 1393 elegantia,
1487 1350 1674 1380 sectamur:

229 1426 452 1457 verumtamen
481 1422 546 1456 hoc
575 1421 757 1456 dolendum·
778 1425 853 1463 est,
884 1420 953 1457 iam
974 1421 1083 1462 omitti
1105 1420 1234 1467 pariter
1255 1420 1414 1458 debuisse
1435 1430 1524 1465 quae
1545 1418 1674 1468 Hasius

229 1494 478 1539 elegantissime
499 1494 544 1529 de
563 1494 608 1528 iis
630 1494 828 1540 disputavit.
852 1516 854 1519 -

317 1611 458 1646 Librum
479 1610 523 1646 de
545 1612 741 1650 velitatione
768 1610 892 1647 bellica
922 1623 984 1646 nos
1017 1622 1151 1658 quoque
1165 1637 1176 1654 ‚
1207 1611 1370 1647 editorem
1400 1585 1584 1659 principem
1616 1598 1671 1645 se-

229 1684 321 1726 cuti,
358 1684 466 1719 Leoni
512 1685 664 1720 comitem
704 1684 876 1720 dedimus:
924 1677 1059 1720 Ioannis
1098 1684 1383 1731 Epiphaniensis,
1418 1685 1672 1731 Theodosiique

229 1756 383 1792 monachi
403 1757 593 1802 fragmenta
614 1758 691 1793 aliis
713 1758 798 1793 locis
823 1757 1011 1793 collectioni
1036 1761 1173 1795 nostrae
1194 1758 1393 1794 inseremus.

320 1875 424 1918 Quod
446 1886 527 1910 vero
557 1875 602 1910 ad
629 1875 764 1921 reliqua
785 1875 929 1919 attinet,
959 1887 1082 1921 magno
1105 1888 1188 1911 sane
1217 1889 1301 1912 usus
1323 1889 1396 1912 sum
1418 1877 1578 1911 fortunae
1599 1888 1674 1911 mu-

228 1960 329 1999 nere,
359 1949 452 1994 quod
482 1947 654 1982 Iacobsius
683 1959 716 1982 v.
748 1948 797 1981 ill.
827 1948 965 1983 honoris
995 1949 1063 1983 mei
1093 1961 1217 1992 causa,
1259 1950 1426 1995 insignem
1454 1949 1674 1983 divinationis

229 2021 315 2062 vim,
348 2033 417 2067 qua
448 2021 575 2066 pollet,
610 2021 655 2055 ad
685 2020 906 2055 emendandas
940 2020 1127 2055 Theodosii
1155 2033 1312 2056 acroases
1341 2022 1536 2064 convertit,
1570 2034 1613 2057 ac
1631 2030 1675 2056 n'e

228 2093 375 2128 taedium
399 2093 531 2138 quidem
554 2093 598 2127 ad
618 2097 688 2128 tam
709 2093 862 2139 putidum
885 2093 1083 2139 scriptorem
1106 2094 1330 2129 concinnandi
1355 2094 1480 2130 indicis
1501 2093 1675 2130 detrecta-

229 2166 297 2200 vit:
327 2166 527 2211 multumque
549 2165 675 2200 debent
695 2166 844 2200 instituti
865 2165 974 2200 nostri
996 2166 1146 2201 fautores
1168 2167 1319 2201 Lasseno
1332 2192 1345 2209 ,
1373 2167 1447 2203 viro
1469 2167 1506 2202 iu
1527 2167 1674 2202 diversis

227 2237 413 2272 litterarum
445 2238 626 2282 generibus
656 2238 874 2280 doctissimo,
914 2238 974 2283 qui
1002 2250 1046 2273 ex
1076 2239 1173 2274 libris
1202 2240 1351 2275 Arabum
1392 2251 1481 2287 quae
1510 2217 1673 2289 ιμίᾞωιο

227 2309 401 2345 historiam
422 2311 593 2357 pertinent
614 2311 804 2357 excerpsit,
825 2311 1009 2358 vertitque.

318 2416 482 2451 Novellas
510 2415 700 2462 Nicephori
728 2417 884 2459 Phocae,
918 2431 939 2454 e
961 2419 1082 2465 quibus
1111 2430 1179 2454 una
1200 2419 1400 2464 praesertim
1422 2418 1468 2453 ad
1488 2419 1672 2454 informan-

228 2469 393 2523 dam-viri
414 2489 580 2523 notionem
600 2489 736 2523 multum
758 2489 867 2532 valet,
890 2502 934 2525 ex
954 2491 1160 2526 Leunclavio
1183 2492 1330 2537 sumpsi3
1350 2491 1556 2538 Luitprandi
1575 2492 1672 2536 lega-

228 2561 370 2603 tionem,
399 2560 506 2596 livore
529 2564 564 2596 et
587 2561 664 2596 odio
687 2562 839 2608 plenam,
869 2574 986 2608 verum
1014 2564 1064 2598 sic
1087 2574 1220 2609 quoque
1241 2564 1286 2598 ad
1309 2575 1417 2599 rerum
1447 2563 1673 2609 cognitionem

228 2632 456 2676 utilissimam,
487 2645 531 2668 ex
557 2634 740 2669 Muratorii
767 2634 991 2680 scriptoribus
1023 2647 1135 2671 rerum
1158 2636 1359 2671 Italicarum.
1411 2636 1501 2671 Nam
1522 2635 1673 2670 editione

229 2704 380 2760 principe
410 2694 586 2741 carebam:
619 2706 834 2752 codicemque
865 2707 1107 2743 Trevirensem
1139 2708 1296 2752 unicum,
1327 2720 1370 2743 ex
1400 2719 1467 2754 quo
1497 2708 1587 2743 illam
1609 2719 1672 2743 ex-

228 2781 398 2821 presserat
430 2778 605 2821 Canisim,
645 2790 714 2814 non
750 2759 895 2815 inveniri
924 2781 1014 2816 inter
1054 2792 1114 2816 eos
1156 2792 1241 2827 quos
1273 2785 1456 2828 temporum
1490 2773 1671 2827 iniquitate
