1768 3034
261 144 326 193 94
745 148 948 194 LEONIS
973 147 1212 192 DIACONI

52 278 87 307 A.
104 275 146 306 M.
164 256 452 314 6478χόμενον,
487 253 768 315 αὐτοκράτορα
781 256 987 312 Ῥωμαίων
1006 255 1077 297 τὸν
1098 250 1285 310 Ἰωάννην
1306 253 1381 298 σὺν
1404 260 1490 304 τοῖς
1514 258 1586 298 τοῦ
1609 254 1687 310 ἤδη
1766 265 1768 317 }

96 319 161 352 Ind.
179 320 222 354 13
263 324 575 381 βασιλεύσαντος
596 324 803 379 Ῥωμανοῦ
822 326 958 366 παισὶν
978 320 1240 378 ἀνηγόρευον·
1276 319 1337 371 οἷς
1359 322 1402 364 ἔκ
1419 321 1691 376 διαστήματος
1767 322 1768 325 '

229 395 446 450 Βέφείπετο
468 394 679 441 Βασίλειος
703 390 723 433 ὅ
747 390 914 442 maog,
935 389 1140 443 Ῥωμανοῦ
1160 393 1233 430 τοῦ
1253 387 1377 430 πάλαι
1399 389 1696 446 αὐτοκράτορος

263 462 305 502 ε’κ
323 461 529 509 Σκυθίδος
545 460 654 510 υἱὸς,
692 463 753 516 τῷ
772 462 844 500 τοῦ
865 457 1062 513 προέδρου
1085 456 1354 512 ἕκὸιαπρέπων
1373 455 1579 510 ἀξιώματι.
1615 459 1696 497 Νι-
1729 464 1735 475 “

262 526 441 583 κηφόρος
471 528 528 578 δὲ,
558 524 684 579 μόνος
714 530 795 567 τῶν
826 529 975 566 λοιπῶν
1002 527 1232 577 σεβαστῶν,
1271 524 1311 572 ἒς
1336 524 1455 579 γε’ρας
1489 528 1549 581 τῷ
1579 522 1729 580 ἀνδρὶ5

262 593 414 648 ταύτην
433 590 717 646 ἒκαινοτόμησε
735 592 809 646 τὴν
826 590 945 646 τιμήν
958 605 968 614 ·
1005 591 1147 646 ὅσπερ,
1186 591 1220 631 εῗ
1237 591 1303 631 καὶ
1325 591 1510 644 ἐκτομίας
1529 588 1697 645 ἐτύγχα-

261 679 347 713 νεν,
386 660 488 701 ἀλλὰ
517 660 591 713 τὴν
613 659 745 708 ἄλλως
773 656 1016 715 δραστήριός
1036 675 1076 699 τε
1095 659 1161 699 καὶ
1183 657 1366 712 ἀγχίνους
1384 656 1558 714 ὑπῆρχεν
1578 658 1693 712 ἀνὴρ,

262 728 419 784 εὐφυῶς
439 733 522 775 τοῖς
540 725 771 782 πράγμασιν
791 728 832 767 ἓν
852 724 1127 781 περιστάσεσιν
1157 722 1465 779 ἁρμοττόμενος.
1512 723 1697 777 συνωμό-

261 812 335 849 της
356 795 399 835 δὲ
419 793 475 836 ὢν
489 792 674 849 Ἰωάννῃ,
713 795 779 834 καὶ
806 794 896 835 λίαν
916 791 1091 840 ἐκτόπως
1113 791 1222 847 αὐτῷ
1251 795 1416 846 φιλικῶς
1438 793 1693 845 διακείμενος,

265 859 478 916 ἐσκήπτετο
509 858 702 917 πρότερον
730 867 881 911 νοσεῖν,
921 859 1086 901 κᾶπειτα
1115 856 1299 914 πονήρως
1326 857 1422 912 εἶχε,
1468 861 1534 900 καὶ
1563 863 1695 900 κλινο-
1707 868 1753 902 10

229 929 384 982 Οπετὴς
403 924 465 981 ἦν.
510 926 644 981 νύχιον
666 922 737 968 οὖν
758 927 832 981 τὴν
858 931 930 968 τοῦ
953 924 1189 982 Νικηφόρου
1209 925 1457 978 μεμαθηκώς
1479 926 1693 981 ἀναίρεσιν,

264 1001 322 1052 τῷ
346 993 600 1050 προειληφότι
621 995 749 1050 στίφει
778 993 880 1047 μετὰ
903 995 1067 1049 σπείρας
1086 994 1275 1048 γενναίων
1295 995 1509 1034 νεανίσκων
1531 991 1696 1035 ἐπισπό-

263 1079 405 1115 μενος,
443 1062 640 1115 σεβαστὸν
667 1062 836 1114 βασιλέα
863 1058 1069 1113 Ῥωμαίων
1101 1060 1173 1101 τὸν
1198 1057 1385 1113 Ἰωάννην
1413 1058 1694 1116 ἀνεκήρυττεν·

265 1131 319 1177 εἷς
336 1129 386 1170 τὰ
406 1127 587 1181 βασίλειά
608 1146 648 1169 τε
670 1123 792 1176 αὖθις
812 1125 933 1182 ἀνῄει,
972 1129 1038 1168 καὶ
1058 1128 1144 1182 περὶ
1165 1130 1244 1167 τῶν
1261 1131 1403 1168 κοινῶν
1416 1126 1581 1182 Ἰωάννῃ
1600 1144 1695 1169 συν-

265 1196 453 1250 έπραττε,
492 1195 564 1248 τὴν
591 1198 664 1236 τοῦ
691 1193 1050 1250 παρακοιμωμένου
1073 1193 1173 1250 πρὸς
1198 1194 1343 1234 ἐκείνου
1371 1194 1489 1247 τιμὴν
1508 1192 1692 1250 εῗληφῶς.
1707 1201 1751 1237 15

264 1264 351 1317 περὶ
373 1267 452 1303 τῶν
473 1259 734 1311 ξυνοισόντων
757 1256 827 1303 οὖν
847 1258 985 1309 αὗτοΐς
1009 1258 1342 1313 βουλευσάμενοι,
1380 1259 1609 1314 ἐντάλματα
1629 1262 1696 1302 καὶ

265 1326 557 1385 προστάγματα
577 1328 643 1369 διὰ
662 1328 812 1376 παντὸς
829 1332 901 1369 τοῦ
922 1327 1063 1376 ἄστεος
1082 1327 1273 1382 αὖθωρὸν
1295 1325 1488 1378 ἔστελλον,
1520 1327 1578 1382 μὴ
1599 1328 1695 1377 ε”ξεΐ-

262 1397 332 1438 ναί
355 1413 430 1437 τινι
458 1402 671 1451 νεωτεριεῖν
680 1427 694 1446 ,
731 1394 757 1449 ἢ
790 1396 852 1435 ἐπὶ
883 1395 1106 1450 διαρπαγὰς
1135 1394 1379 1436 ἀποκλίνειν·
1415 1395 1598 1436 κίνδυνον
1616 1394 1694 1451 γὰρ
1722 1419 1725 1420 ’

136 1467 178 1501 Ρ.
202 1468 245 1503 58
270 1461 367 1505 εἶναι
386 1467 443 1520 τῷ
462 1459 771 1518 τοιουτότροπόν
790 1478 828 1503 τι
847 1460 1104 1515 τολμήσαντι,
1135 1461 1398 1517 ἀφαιρεῖσθαι
1416 1466 1486 1515 τῆς
1505 1466 1692 1518 κεφαλῆς.

260 1534 381 1572 τοῦτο
422 1530 469 1570 τὸ
500 1527 760 1586 παράγγελμα
797 1529 971 1577 ἐπιεικῶς
1005 1530 1252 1580 Βυζαντίους
1279 1527 1579 1581 ἐξεδειμάτωσε,
1627 1529 1759 1572 anaizo

261 1597 390 1644 οὐδεὶς
410 1595 558 1649 ε’τόλμα
586 1596 814 1649 νεοχμῶσαί
828 1613 866 1637 τι
885 1596 996 1651 παρὰ
1015 1596 1062 1637 τὸ
1087 1595 1355 1651 προσταχθέν.
1402 1594 1598 1637 εἰώθεσαν
1615 1595 1693 1651 γὰρ

261 1665 302 1705 ἓν
322 1670 409 1711 ταῖς
427 1661 632 1712 τοιαύταις
649 1667 892 1716 μεταβολαῖς
911 1663 949 1704 οἳ
967 1662 1081 1718 ἀργοὶ
1099 1667 1170 1705 τοῦ
1192 1661 1336 1717 δήμου,
1373 1663 1439 1703 καὶ
1458 1662 1615 1718 ἄποροι,
1653 1663 1695 1711 ἐς

263 1730 487 1787 διαρπαγὰς
512 1728 732 1787 χρημάτων
759 1731 824 1771 καὶ
843 1730 1108 1786 κατασκαφὰς
1128 1729 1270 1781 οἴκων,
1307 1728 1405 1789 ἴσθ’
1436 1728 1500 1772 ὅτε
1520 1731 1587 1771 καὶ
1612 1732 1693 1770 τῶν

351 1826 393 1902 gl
423 1824 584 1901 lgendose
621 1823 763 1869 εὐφυῦς
793 1823 894 1869 (sic)
926 1824 999 1858 cod.
1123 1827 1177 1861 18.
1227 1826 1437 1869 νεωτεριεῒν.
1494 1824 1575 1858 Vid.
1603 1823 1693 1858 infra

263 1948 368 1977 torem
385 1945 623 1986 Romanorum,
644 1946 809 1980 adiunctis
834 1946 974 1979 Romani
991 1946 1082 1980 haud
1102 1946 1152 1980 ita
1169 1947 1296 1991 pridem
1315 1947 1462 1990 Augusti
1476 1945 1609 1985 liberis,
1638 1956 1695 1978 re·-

264 1989 461 2022 nunciabat:
508 2002 589 2033 quos
620 2002 660 2023 ex
686 1991 861 2024 intervallo
895 1992 1159 2034 subsequebatur
1186 1992 1330 2025 Basilius
1361 1992 1514 2030 Nothus‚
1553 1990 1694 2022 Romani

266 2034 429 2077 quondam
447 2034 590 2077 Augusti
609 2047 649 2067 ex
662 2036 818 2079 Scythica
836 2036 957 2069 femina
976 2036 1084 2077 filius,
1117 2036 1282 2080 praesidis
1309 2035 1474 2079 dignitate
1503 2034 1692 2067 decoratus.

265 2079 340 2111 Hoc
358 2090 472 2111 munus
490 2078 702 2122 Nicephorus
728 2081 851 2123 primus
878 2081 1019 2114 omnium
1043 2082 1282 2124 Imperatorum
1308 2080 1342 2112 in
1367 2081 1524 2112 honorem
1553 2078 1694 2111 hominis

265 2127 458 2156 creaverat:
484 2124 553 2166 qui,
577 2125 726 2167 quamvis
750 2125 872 2169 spade,
897 2125 978 2158 alias
995 2125 1179 2159 industrius
1194 2130 1229 2158 et
1242 2123 1433 2167 ingeniosus
1455 2129 1530 2157 erat
1546 2123 1611 2163 vir,
1633 2134 1693 2155 ne*

265 2169 429 2211 gotiorum
447 2178 508 2211 pro
526 2169 728 2212 temporibus
746 2171 831 2203 bene
852 2181 982 2214 gerens.
1027 2169 1094 2203 Hic
1109 2181 1180 2202 cum
1192 2170 1314 2202 Ioanne
1329 2169 1589 2212 conspiraverat,
1604 2179 1694 2200 sum-

266 2223 318 2245 lna
335 2212 577 2246 necessitudine
604 2213 635 2246 ei
661 2214 853 2254 adiunctus,
889 2215 1090 2258 primumque
1114 2214 1264 2247 simulata
1287 2214 1482 2246 valetudine
1500 2218 1616 2257 postea
1634 2223 1693 2245 ae-

266 2260 383 2300 grotus
408 2261 500 2296 erat,
524 2257 678 2301 lectoque
696 2259 827 2292 affixus.
873 2260 924 2299 Is,
949 2263 987 2292 ut
1009 2264 1108 2292 noctu
1128 2259 1170 2292 de
1189 2258 1376 2302 Nicephori
1397 2259 1499 2291 caede
1525 2267 1693 2300 cognove-

266 2305 332 2340 rat,
356 2301 606 2335 antecedentem
621 2304 788 2336 cohortem
804 2315 875 2337 cum
895 2304 992 2347 globo
1011 2310 1215 2336 strenuorum
1232 2303 1490 2336 adolescentium
1508 2302 1691 2342 insecutus,

263 2346 418 2379 Ioannem
436 2347 620 2389 Augustum
637 2347 872 2390 Imperatorem
890 2350 1109 2381 Romanorum
1133 2347 1359 2381 renunciavit:
1383 2359 1451 2390 quo
1470 2347 1560 2380 facto
1578 2346 1613 2379 in
1629 2357 1692 2390 pa-

263 2391 377 2423 latium
407 2390 529 2430 rediit,
552 2403 775 2436 summamque
801 2405 912 2427 rerum
940 2405 1011 2427 cum
1032 2393 1155 2426 Ioanne
1177 2392 1442 2432 administravit,
1466 2403 1487 2425 a
1506 2403 1570 2435 quo
1592 2402 1692 2434 prae-

263 2436 427 2468 fecturam
445 2436 597 2469 Cubiculi
614 2438 754 2480 accepit.
798 2438 890 2482 Ipsi,
915 2438 956 2471 de
981 2438 1034 2470 his
1050 2449 1137 2482 quae
1158 2449 1176 2470 e
1193 2449 1230 2470 re
1247 2449 1307 2470 sua
1324 2438 1436 2470 forent
1450 2435 1691 2469 deliberatione

265 2480 401 2520 habita,
424 2481 578 2514 mandata
598 2486 632 2514 et
650 2483 761 2515 edicta
778 2494 839 2525 per
861 2487 965 2515 totam
986 2483 1099 2515 urbem
1124 2482 1213 2515 illico
1231 2482 1400 2522 emittunt,
1422 2481 1564 2522 „turbas
1587 2479 1690 2519 ciere,

263 2524 482 2568 direptionem
501 2526 612 2559 facere
627 2526 685 2559 ulli
705 2538 746 2560 ne
766 2527 904 2559 liceret:
927 2527 1016 2570 quod
1036 2528 1066 2560 si
1079 2527 1155 2572 quis
1177 2526 1338 2560 eiusmodi
1355 2526 1481 2570 aliquid
1498 2536 1600 2558 ausus
1613 2525 1691 2557 fue-—

264 2568 333 2608 rit,
357 2580 465 2612 poena
483 2574 635 2610 est0,.ut
654 2575 754 2615 caput
780 2572 811 2604 ei
830 2571 1050 2615 amputetur.⁷'
1099 2573 1200 2612 Quod
1227 2572 1374 2605 edictum
1401 2582 1466 2604 non
1493 2569 1690 2602 mediocrem

263 2617 424 2647 terrorem
451 2614 825 2660 Constantinopolitanis
854 2616 990 2657 iniecit,
1030 2628 1090 2650 nec
1117 2617 1288 2661 quisquam
1308 2621 1424 2649 contra
1439 2615 1627 2648 mandatum
1647 2611 1691 2650 ad

263 2667 352 2690 nova
376 2659 513 2692 consilia
529 2660 668 2694 animum
687 2662 846 2694 inducere
865 2666 916 2693 est
931 2673 1041 2694 ausus.
1088 2662 1176 2695 Nam
1194 2662 1343 2703 solebant
1370 2661 1406 2693 in
1425 2658 1610 2692 huiusmodi
1633 2668 1691 2690 rea

264 2712 335 2752 rum
356 2704 597 2738 mutatidnibus
618 2717 659 2739 ex
686 2706 783 2750 plebe
802 2706 967 2746 homines,
991 2707 1059 2739 otio
1077 2710 1297 2749 egestateque
1318 2704 1464 2748 perditi,
1496 2704 1540 2736 ad
1563 2701 1691 2746 expila-

266 2751 372 2780 tiones
397 2748 554 2783 bouornm
583 2750 802 2796 domuumque
829 2751 1018 2785 eversiones
1046 2751 1216 2792 converti,
1240 2750 1404 2784 interdum
1431 2759 1564 2793 quoque
1578 2748 1621 2781 ad
1639 2746 1691 2779 ci-
