1768 3034
284 109 355 161 74⁴
543 114 745 162 LEOMS
771 116 1007 162 DIACONI
1034 115 1254 162 HISTOR,
1281 118 1352 164 Ν.
1390 98 1455 167 '11

73 234 110 266 A.
129 231 173 265 Μ
193 230 283 267 6477
291 239 343 265 τα
352 254 367 275 ,
390 226 537 266 τοῦτον
558 221 742 278 ἀνόητον,
777 227 933 278 μᾶλλον
952 223 998 266 δὲ
1014 221 1336 268 κακονουστατον
1355 223 1558 281 ὀνομάζειν
1575 226 1647 270 οὐκ
1665 246 1715 270 αν

86 279 183 357 Ahg'
201 279 269 358 9¹33
292 289 581 344 ἀποκνήσαιμι·
615 288 838 347 παρόμοιόν
857 308 895 333 τι
917 289 1214 347 διεργαζόμενον
1233 297 1314 335 τῶν
1338 297 1389 349 τῇ
1413 295 1608 352 παροιμία
1635 311 1715 337 κω-

117 370 143 403 1.
166 370 211 402 N.
234 370 256 405 6
289 357 558 415 μῳδουμένων
576 362 718 410 κυνῶν,
734 357 780 401 οι
793 357 889 407 τοὺς
905 355 1050 407 λύκους
1063 362 1145 401 τῶν
1162 357 1377 416 προβάτων
1394 359 1608 415 ἀποσοβεῖν
1620 361 1714 403 ἕπο-

251 426 506 482 Οφείλοντες,
542 426 609 467 και
634 425 687 468 τὰ
707 423 948 479 βοσκήματα
972 424 1184 481 φυλάττειν
1204 425 1555 481 ἀνεπιβούλευτον,
1592 428 1630 470 οἱ
1653 429 1712 481 δὲ,

287 492 389 548 πρὸς
408 496 466 550 τῷ
485 491 542 546 μὴ
571 491 809 546 ἀποσοβεῖν,
844 496 998 546 μᾶλλον
1012 497 1106 544 ,τῶν
1132 494 1291 549 θηρίων
1312 494 1427 536 αὐτοὶ
1455 491 1750 544 διακόπτουσι5

286 562 354 603 καὶ
375 557 753 615 διασπαράττουσιν.
790 560 824 601 εἶ
850 554 922 601 οὗν
948 561 1060 602 δοκεῖ
1084 562 1150 603 καὶ
1169 561 1366 604 πείθεσθε
1386 578 1480 615 μοι,
1516 562 1670 618 ἐπείπερ
1692 560 1714 604 ὃ

289 625 416 683 λόφος
442 624 697 682 ὀχυρώτατος
725 624 863 670 οὗτοσὶ
888 628 1201 683 καταφαίνεται,
1232 630 1300 669 καὶ
1331 626 1583 685 κατάρῥυτός
1611 629 1717 671 ἔστιν

287 693 445 746 ὕδασιν,
469 691 524 743 ῶς
545 691 678 749 ὁρᾶτε,
705 698 849 736 τοῦτον
869 693 918 748 δὴ
938 694 1149 748 τειχιστέον
1167 696 1346 749 ἐξαυτῆς,
1371 697 1438 736 καὶ
1457 695 1547 750 ἰλην
1568 695 1717 738 ἱππέων

289 763 357 803 καὶ
375 767 540 817 σπεῖραν
561 762 685 812 πεζῶν
707 761 748 803 ἐν
768 760 878 818 αὐτῷ
905 761 1063 804 ἐατέον·
1098 760 1199 804 ὥστε
1218 762 1321 804 καθ’
1344 760 1515 816 ἑκάστην
1535 760 1717 812 ἕπεξελά-

288 845 374 872 σεσι
396 830 463 877 καὶ
480 829 767 883 καταδρομαῖς,
790 829 856 870 καὶ
875 832 956 870 τῶν
976 829 1461 885 ε’πιτηδείωνκδιαρπαγαῖς
1479 829 1552 884 τὴν
1566 828 1718 872 Ἀντιό-
1731 839 1768 874 10

283 913 362 950 χου
382 893 679 947 ταπεινώσωσι,
716 897 782 938 καὶ
808 896 862 944 εἷς
884 895 1109 949 ἀμηχανίαν
1142 895 1271 950 δεινὴν
1298 897 1624 945 κατακλείσαντες
1651 899 1720 938 καὶ

76 971 145 1004 Ful.
163 970 231 1007 292
249 980 279 1004 v.
291 962 471 1008 ἄκουσαν
498 960 751 1017 ἄναγκάσωσι
760 994 775 1014 ,
808 959 1018 1015 Ῥωμαίοις
1035 963 1220 1018 γενέσθαι
1238 961 1535 1005 ὖπόσπονδον.”
1570 962 1673 1006 εἶπεν
1695 962 1717 1006 ὃ

289 1029 503 1085 βασιλεὺς,
540 1031 607 1071 καὶ
627 1030 746 1071 λίθον
767 1027 1067 1082 ε’πωμισάμενος
1088 1026 1156 1085 (ἦν
1177 1030 1254 1086 γὰρ
1273 1032 1360 1086 περὶ
1387 1030 1439 1072 τὰ
1459 1034 1628 1072 τοιαῦτα
1645 1047 1718 1084 με-

251 1094 520 1154 Βτριοπαθής
530 1112 574 1139 τε
595 1098 661 1138 καὶ
680 1096 895 1154 ταπεινὸς),
917 1095 1039 1140 ἄνεισι
1058 1097 1120 1138 ἐπὶ
1139 1097 1210 1138 τὸν
1228 1095 1369 1152 λόφον,
1391 1095 1500 1153 πάσῃ
1520 1101 1570 1153 τῇ
1592 1113 1719 1153 στρα-

289 1163 483 1224 τιᾷοῧτω
502 1169 625 1206 ποιεῖν
644 1161 1003 1216 διακελευσάμενος.
1048 1158 1099 1219 ἦν
1117 1159 1188 1206 οὗν
1210 1165 1306 1206 ἷδεῖν
1333 1165 1374 1206 ἓν
1401 1166 1529 1220 τρισὶν
1551 1162 1719 1220 ἡμέραις
1731 1172 1768 1207 15

291 1231 396 1275 ι’ἰστυ
426 1230 694 1289 ἄνῳκισμένον
722 1232 784 1272 ἐπὶ
813 1230 884 1272 τὸν
911 1228 1062 1286 λόφον,
1099 1230 1252 1287 εὖερκές
1276 1247 1319 1273 τε
1347 1232 1413 1272 καὶ
1448 1229 1717 1285 ὀχυρώτατον.

290 1297 479 1355 φάλαγγα
505 1301 717 1353 τοιγαροῦν
741 1298 1009 1340 πεντακοσίων
1028 1298 1199 1350 ἱππέων,
1230 1299 1297 1339 καὶ
1316 1304 1481 1352 σπεῖραν
1491 1299 1632 1351 χιλίων
1649 1315 1720 1340 πε-

291 1367 368 1418 ζῶν
388 1366 430 1407 ἓν
447 1369 505 1422 τῷ
525 1366 706 1422 φρουρίῳ
727 1363 969 1415 καταλιπὼν,
992 1366 1058 1405 καὶ
1077 1364 1318 1419 ἀποχρῶσαν
1330 1364 1446 1417 χιλὸν
1465 1364 1602 1414 αὐτοῖς
1617 1365 1721 1407 ἀπο-

291 1430 566 1485 σιτισάμενος,
603 1429 871 1484 ἐντειλάμενός
894 1447 936 1471 τε
958 1428 1150 1487 ὁσημέραι
1176 1431 1375 1486 ἐκδρομὰς
1407 1431 1510 1472 κατὰ
1533 1436 1607 1486 τῆς
1628 1432 1721 1474 Ἀν-

290 1501 462 1553 τιοχείας
479 1505 626 1551 ποιεῖν,
663 1500 730 1540 καὶ
748 1497 794 1539 τὸ
814 1498 1045 1552 παρατυχὸν
1068 1499 1273 1553 μαχαίρας
1291 1497 1406 1553 ἔργον
1431 1500 1497 1539 καὶ
1516 1503 1768 1554 προνομῆςῖῦ

291 1564 611 1621 ἀπεργάζεσθαι,
648 1564 770 1613 αὐτὸς
808 1565 958 1607 ἐκεῖθεν
998 1563 1158 1620 ἀπάρας
1184 1564 1286 1621 πρὸς
1320 1564 1394 1619 τὴν
1425 1564 1720 1618 βασιλεύουσαν

291 1634 514 1684 ἐπανέζευξε
523 1665 537 1684 ,
575 1634 642 1674 καὶ
670 1626 979 1688 μεγαλοπρεπῶς
1013 1631 1114 1688 πρὸς
1145 1636 1227 1680 τῶν
1267 1631 1441 1676 ἀστικῶν
1482 1629 1722 1686 ὑποδεχθεὶς

291 1700 413 1742 ἐκεῖσε
434 1700 639 1755 διέτριβεν.

291 1817 360 1851 que
374 1806 529 1846 conterit,
552 1807 639 1839 hunc
655 1805 746 1840 nulla
761 1805 816 1840 vel
832 1805 943 1850 potius
959 1805 1045 1838 mala
1064 1807 1174 1839 mente
1192 1803 1379 1849 praeditum
1393 1803 1507 1840 dicere
1525 1816 1593 1839 non
1610 1805 1721 1839 refor-

294 1852 396 1885 mido.
442 1852 601 1884 Similiter
619 1852 705 1884 enim
722 1851 805 1884 facit
818 1857 856 1884 ut
872 1862 971 1883 canes
988 1850 1022 1883 in
1036 1850 1150 1883 fabula
1165 1850 1284 1890 notati,
1308 1850 1366 1894 qui
1382 1861 1454 1883 cum
1473 1851 1569 1895 lupos
1587 1851 1630 1884 ab
1645 1850 1721 1884 ovi-

295 1897 359 1930 bus
376 1896 538 1939 repellere
555 1896 715 1936 debeant,
719 1895 951 1948 pecudesque
966 1895 1008 1928 ab
1024 1894 1151 1928 insidiis
1166 1895 1273 1936 tueri,
1305 1900 1538 1940 praeterquam
1561 1895 1653 1940 quod
1669 1895 1721 1928 lu-

294 1951 358 1985 pos
375 1951 442 1973 non
460 1941 643 1985 repellunt,
666 1940 731 1984 ipsi
749 1941 854 1983 magis
877 1951 974 1984 quam
992 1940 1055 1973 hae
1070 1939 1199 1973 belluae
1214 1940 1361 1984 pecudes
1386 1940 1604 1973 conscindunt
1621 1944 1722 1983 atque

295 1985 472 2018 dilaniant.
518 1985 683 2025 Proinde,
707 1986 736 2018 si
755 1986 852 2019 vobis
879 1985 1014 2018 videtur
1029 1984 1174 2028 mihique
1192 1985 1354 2024 creditis,
1377 1984 1640 2028 quandoquidem
1665 1984 1721 2017 hic

295 2029 443 2062 tumulus
459 2029 663 2063 firmissimus
679 2030 832 2071 videtur,
854 2030 1065 2073 irriguusque
1084 2029 1177 2072 aquis
1195 2033 1267 2070 est,
1289 2028 1382 2061 illum
1398 2029 1559 2072 evestigio
1579 2039 1724 2062 commu-

295 2075 441 2115 niamus,
469 2075 521 2108 ala
540 2075 687 2119 equitum
703 2079 737 2108 et
756 2075 893 2108 cohorte
912 2074 1050 2107 militum
1075 2074 1123 2106 ibi
1143 2073 1281 2106 relicta.
1302 2077 1339 2106 ut
1355 2073 1557 2117 quotidianis
1574 2070 1724 2126 eruptio-

295 2119 416 2159 nibus,
441 2119 711 2160 decursionibus,
737 2119 962 2153 alimentorum
991 2118 1245 2162 direptionibus,
1271 2118 1413 2151 fractam
1432 2119 1662 2158 Antiochiam,
1685 2117 1721 2151 in

291 2163 529 2217 angustiasque
554 2175 695 2197 summas
715 2165 933 2208 compulsam,
956 2163 1010 2197 vel
1024 2163 1162 2196 invitam
1178 2174 1335 2205 cogamus
1352 2164 1572 2196 Romanorum
1591 2175 1627 2196 se
1643 2174 1721 2207 per-

291 2209 427 2250 mittere
446 2209 576 2242 ditioni.
578 2208 598 2223 ’'
642 2209 716 2242 Hac
733 2209 883 2242 oratione
904 2208 1029 2248 habita,
1051 2208 1245 2251 Imperator,
1268 2207 1412 2250 lapidem
1435 2208 1470 2240 in
1493 2208 1645 2241 humeros
1662 2219 1722 2240 ex-

292 2247 414 2287 tollens
435 2254 529 2297 (erat
546 2253 630 2286 enim
646 2254 843 2305 popularis
834 2266 870 2287 ιιι
886 2252 1046 2287 eiusmodi
1058 2254 1157 2286 rebus
1176 2263 1215 2284 ac
1233 2252 1433 2295 modestus),
1449 2252 1624 2285 ascendit
1614 2264 1649 2286 ιιι
1663 2256 1722 2285 tu-

292 2298 433 2339 mulum,
455 2303 527 2331 toto
549 2298 698 2331 exercitu
722 2299 811 2332 idem
834 2299 947 2332 facere
970 2298 1070 2330 iusso.
1125 2297 1321 2340 Apparebat
1346 2296 1453 2340 igitur
1471 2297 1572 2330 trium
1591 2297 1721 2330 dierum

292 2342 407 2396 spatio
431 2342 602 2376 castellum
627 2342 661 2375 in
690 2343 812 2376 tumulo
842 2341 1114 2382 exaedificatum,
1135 2342 1220 2374 bene
1246 2345 1375 2386 septum
1402 2345 1437 2374 et
1462 2341 1720 2375 munitissimum.

294 2389 372 2428 Quo
397 2387 433 2421 in
454 2387 591 2421 castello
614 2391 790 2431 postquam
816 2387 1018 2431 praesidium
1041 2386 1293 2430 quingentorum
1317 2387 1464 2430 equitum
1487 2387 1722 2438 cohortemque

292 2432 383 2466 mille
405 2432 544 2466 militum
561 2443 636 2465 cum
660 2432 795 2465 cibariis
819 2431 948 2465 idoneis
965 2431 1165 2475 reliquerat,
1188 2431 1305 2464 iubens
1324 2435 1363 2465 ut
1383 2431 1532 2475 quotidie
1552 2430 1720 2464 excursio-

293 2489 355 2510 nes
386 2477 596 2511 Antiochiam
621 2488 739 2510 versus
773 2478 944 2516 facerent,
968 2481 1071 2520 atque
1089 2477 1186 2509 obvia
1202 2476 1341 2520 quaevis
1355 2476 1515 2509 caedibus
1530 2476 1723 2527 rapinisque

293 2522 521 2563 exinanirent,
544 2521 619 2566 ipse
633 2521 711 2555 inde
727 2522 847 2555 castris
862 2501 960 2555 motis
974 2521 1015 2554 ad
1036 2521 1150 2553 urbem
1166 2520 1412 2567 imperatoria-m
1426 2521 1549 2563 rediit,
1571 2519 1720 2567 splendi-

294 2566 404 2613 deque
424 2578 447 2603 a
470 2566 609 2602 civitate
626 2570 786 2613 receptus
808 2566 858 2601 ibi
883 2570 936 2600 est
952 2568 1179 2600 commoratus.
