1748 3094
231 455 797 513 LUITPRANDI
893 458 999 515 LE
1014 455 1296 515 GATIO

729 579 798 616 An

327 667 837 718 NICEPHORUM
888 669 1198 718 PHOCAM

82 780 543 821 memnonem
610 781 1444 825 CONSTANTINOPOLITANUM

272 890 399 933 PRO
444 890 853 935 OT'I'ONIBUS
903 891 1250 935 AUGUSTIS

481 989 571 1033 ET
604 991 1051 1035 ADELHEIDA.*

50 1198 253 1273 Ottonoe
274 1234 535 1273 Romanorum
561 1235 834 1275 invictissimos
851 1236 1106 1289 Imperatores
1126 1235 1340 1288 Augustos,
1380 1239 1464 1290 glo·
1488 1253 1526 1287 p,
1549 1252 1617 1290 479

46 1301 374 1352 riosissimamque
397 1301 649 1341 Adelheidem
674 1302 961 1355 Imperatricem
990 1304 1220 1354 Augustam,
1250 1305 1465 1356 Luitpran-
1488 1299 1563 1333 0⁰¹·
1587 1302 1618 1334 ¹·

0 1386 2 1418 ς
47 1368 122 1407 dus
137 1370 302 1407 Sanctae
317 1358 581 1407 Cremonensis
598 1369 790 1408 Ecclesiae
805 1370 1019 1422 Episcopus
1035 1382 1184 1421 semper
1199 1371 1340 1421 valere,
1366 1385 1465 1423 pro-

46 1436 216 1487 sperari,
250 1434 513 1487 triumphare,
551 1436 729 1487 anhelat,
767 1437 980 1485 desiderat,
1018 1442 1138 1488 optat.
1192 1436 1295 1483 Quid
1328 1451 1464 1478 causae

0 1504 1 1507 ’
47 1502 188 1551 fuerit,
220 1502 328 1554 quod
354 1502 464 1555 prius
483 1503 616 1541 literas
642 1503 724 1542 sive
749 1503 936 1541 nuncium
960 1516 1088 1541 meum
1107 1517 1188 1541 non
1206 1505 1464 1556 susceperitis,

10 1621 13 1623 .
44 1570 147 1609 ratio
171 1569 407 1621 subsequens
432 1569 655 1610 declarabit.
708 1569 837 1608 Pridie
857 1583 979 1608 nonas
1005 1569 1107 1607 Iunii
1137 1571 1462 1623 Constantinopo—

44 1636 118 1674 lim
135 1635 312 1675 venimus
323 1665 336 1686 ,
368 1641 408 1674 et
425 1636 475 1674 ad
494 1636 767 1674 contumeliam
784 1642 950 1674 vestram
970 1636 1139 1687 turpiter
1153 1638 1320 1689 suscepti
1331 1668 1342 1687 ‚
1370 1651 1461 1688 gra-

45 1702 172 1750 viter,
198 1702 447 1754 turpiterque
473 1715 607 1740 sumus
635 1702 812 1751 tractati3
849 1701 995 1752 palatio
1022 1701 1175 1752 quidem
1193 1704 1284 1742 satis
1309 1718 1460 1755 magno,

46 1774 86 1806 et
104 1774 261 1819 aperto,
285 1768 392 1819 quod
411 1781 484 1806 nec
507 1768 629 1819 frigus
647 1774 811 1815 arceret,
840 1768 940 1805 sicut
959 1781 1031 1806 nec
1052 1768 1218 1806 calorem
1241 1770 1458 1821 repelleret,

44 1834 190 1873 inclusi
218 1847 374 1874 sumus:
402 1834 538 1873 armati
559 1834 702 1872 milites
724 1832 893 1886 appositi
922 1840 1014 1872 sunt
1043 1835 1239 1886 custodes,
1264 1835 1335 1888 qui
1362 1837 1459 1875 meis

46 1902 228 1940 omnibus
260 1901 424 1940 exitium
454 1898 510 1955 1)‚
549 1901 709 1939 caeteris
740 1900 992 1952 prohiberent
1021 1901 1248 1951 ingressum.
1309 1902 1490 1947 DomusB

43 1969 130 2019 ipsa
150 1968 243 2006 solis
265 1968 378 2006 nobis
402 1968 564 2006 inclusis
581 1968 716 2019 pervia
732 1982 754 2005 a
773 1969 915 2019 palatio
933 1968 1027 2006 adeo
1052 1974 1308 2019 sequestrata,
1346 1975 1390 2007 ut
1411 1983 1456 2009 eo

43 2034 156 2072 nobis
181 2047 263 2072 non
283 2034 560 2085 equitantibus,
589 2035 658 2073 sed
682 2034 961 2073 ambulantibus
987 2032 1180 2072 anhelitus
1198 2041 1454 2077 humaretur.

45 2100 218 2139 Accessit
244 2100 293 2138 ad
322 2101 577 2139 calamitatem
602 2107 799 2149 nom-am,
837 2100 942 2152 quod
967 2101 1204 2140 Graecorum
1232 2101 1367 2141 vinum
1405 2103 1455 2141 ob

44 2166 144 2218 picis
168 2166 281 2204 taeda
310 2167 423 2218 gypsi
453 2166 766 2206 commixtionem
792 2167 904 2206 nobis
929 2167 1152 2219 impotabile
1169 2167 1258 2209 fuit.
1312 2169 1455 2207 Domus

44 2232 130 2283 ipsa
158 2238 244 2270 erat
269 2233 474 2284 inaquosa,
496 2246 569 2272 nec
589 2234 697 2272 sitim
724 2235 860 2272 saltem
881 2247 981 2284 aqua
1001 2233 1222 2285 extinguere
1245 2235 1454 2286 quivimus,

46 2311 165 2348 quam
183 2298 274 2336 data
290 2298 455 2350 pecunia
477 2312 698 2339 emeremus.
753 2300 856 2339 Huic
882 2313 1020 2351 magno
1036 2313 1130 2350 vae,
1155 2314 1228 2339 vae
1255 2301 1361 2339 aliud
1381 2314 1453 2351 ap-

44 2364 217 2416 positum
231 2370 309 2414 est,
335 2363 452 2403 homo
470 2365 674 2404 Sciliorum
684 2365 722 2419 2)
742 2373 895 2417 custos,
923 2367 992 2418 qui
1011 2367 1254 2418 quotidianos
1274 2372 1451 2417 sumptus

43 2431 264 2482 praeberet;
292 2430 356 2468 cui
372 2430 536 2470 similem
552 2432 586 2470 si
602 2432 796 2484 requiras,
821 2446 903 2472 non
921 2439 1046 2485 terra,
1074 2434 1141 2472 sed
1163 2433 1339 2472 infernus
1366 2431 1452 2468 for-

88 2549 108 2571 *
124 2550 324 2603 Luitprsudi
336 2550 726 2605 lagaeam-edidimus
736 2565 779 2587 ex
788 2553 966 2588 Muratorii
975 2553 1101 2606 Script.
1108 2552 1272 2606 Regu-Ital⁴
1289 2548 1450 2603 'nim-‚¹¹⁶

132 2596 192 2628 sed
214 2596 381 2648 ahquantp
404 2596 656 2649 emeuflutaorem
663 2622 675 2638 ,
696 2598 847 2632 adhibita
869 2599 968 2632 huius
988 2599 1091 2632 hbelh
1107 2598 1262 2650 ‘editione
1289 2605 1452 2647 principe,

130 2640 1168 2738 ffiffiz{ffaffiffifflfflfflfflfflasst‘3
1204 2640 1450 2726 {ww

132 2733 214 2763 tun.
236 2730 517 2764 Muratorius.
605 2730 761 2774 2)A1ias
783 2732 981 2766 Sidliorun.
1015 2731 1238 2765 caraunus.
