1768 3034
243 172 417 202 xxxvm
456 167 507 208 H.
526 163 732 207 CANISII
759 164 1036 208 PRAEFAT.
1063 165 1143 208 AD
1170 164 1391 211 LUITPR.
1419 165 1634 213 LEGAT.

243 269 355 322 poris
384 269 589 308 diversitas
617 282 700 307 non
730 268 870 308 obstet.
925 269 975 308 Et
1001 269 1104 308 sorte
1122 269 1158 308 si
1187 269 1421 323 Luitprandi
1439 271 1534 310 fibri
1550 271 1695 323 integri

243 343 435 387 extarent,
463 337 727 376 inveniremus
743 350 827 374 non
846 335 974 374 minus
993 335 1253 388 posteriorem
1271 336 1345 375 sub
1367 338 1514 377 Ottone
1530 340 1693 390 legatio-

242 417 347 455 nem,
368 418 484 457 quam
502 404 611 443 illam
630 404 801 456 priorem
818 403 890 441 sub
907 403 1139 454 Berengario
1150 418 1163 454 ;
1181 416 1255 442 nec
1273 403 1493 445 dubitarem
1513 420 1587 459 pro
1608 421 1693 447 cer-

241 477 285 510 to
315 477 356 510 et
376 472 580 524 explorato
609 471 827 519 affirmare,
856 469 935 508 nisi
952 471 1036 522 ipse
1055 470 1575 526 Luitprandusscrupulum
1592 475 1692 513 inii-
1735 488 1744 494 --

242 545 372 589 ceree,
403 539 473 590 qui
499 539 568 577 lib.
597 537 662 578 VI.
693 551 777 589 cap.
800 540 848 579 6.›
868 538 1107 576 mentionem
1139 540 1238 577 facit
1264 539 1501 593 Luitprandi
1524 535 1692 582 Cremoss
1737 574 1741 576 <

229 605 373 644 mensis
393 605 599 658 Episcopi,
629 618 792 656 eumque
813 604 868 642 ait
885 634 898 654 ‚
928 619 1016 643 cum
1036 605 1270 645 Landoardo
1288 608 1464 656 Saxone,
1490 609 1689 662 Episcopo
1734 615 1766 665 ’3333

239 672 487 722 Numedensi‚
507 673 555 710 ab
567 673 712 711 Ottone
724 672 862 723 Magno
873 673 1037 711 Romam
1057 673 1217 712 missum
1234 687 1315 714 esse
1326 675 1377 715 ad
1390 675 1573 716 Ioannem
1585 678 1690 716 Pon-

239 739 405 778 tificem:
436 747 474 779 et
491 741 532 779 in
553 740 729 778 Concilio
749 741 893 778 Romae
906 740 949 777 in
970 740 1085 779 causa
1102 741 1280 780 eiusdem
1301 742 1688 795 Ioannis'celebrato,

240 820 331 844 cum
353 808 449 846 Otto
465 809 627 846 Romam
649 813 895 860 occupasset,
925 809 1057 858 fugato
1084 809 1229 866 Ioanne
1258 815 1299 848 et
1316 808 1529 849 Adelberto
1542 840 1556 862 ,
1581 811 1687 852 inter

236 873 454 926 Episcopos
489 875 643 925 Italiae,
683 876 753 927 qui
775 874 951 913 Concilio
988 876 1278 926 interfuerunt,
1316 884 1548 917 numeratur
1572 879 1688 918 Luit-

235 941 412 992 prandus
441 942 659 994 Episcopus
680 942 970 991 Cremonensis,
1001 943 1068 994 qui
1086 949 1135 982 ret
1159 943 1335 983 eiusdem
1356 945 1514 983 ottonis
1538 946 1582 984 in
1614 960 1688 985 eo·
1743 944 1756 983 ’ζ’

236 1006 325 1045 dem
345 1016 543 1047 conventu
564 1009 757 1060 interpres
774 1010 866 1049 fuit:
896 1024 988 1048 nam
1019 1024 1118 1062 quae
1138 1013 1232 1050 Otto
1248 1012 1444 1050 Saxonica
1465 1012 1598 1063 lingua
1621 1013 1686 1052 lo-
1749 1067 1750 1070 Ἰ

236 1074 440 1125 quebatur‚
462 1075 558 1115 haec
570 1077 833 1128 Luitprandus
854 1078 1125 1117 Cremonensis
1146 1079 1369 1132 Episcopus
1390 1079 1528 1118 Latine
1547 1080 1686 1120 redde-
1747 1076 1757 1094 ³⁷

234 1141 302 1180 bat
335 1144 474 1182 ceteris
508 1144 722 1196 Episcopis.
778 1144 910 1194 Adeo,
949 1152 997 1183 ut
1020 1146 1093 1185 vix
1123 1146 1311 1201 credibile
1335 1146 1540 1198 videatur,
1566 1143 1685 1187 Luitss-
1740 1142 1743 1146 ’

235 1210 431 1261 prandum
448 1210 689 1252 Historicum
707 1213 755 1251 de
772 1226 813 1252 se
831 1212 941 1263 quasi
960 1212 1009 1252 de
1026 1213 1104 1253 alio
1119 1214 1348 1254 locuturum
1366 1214 1501 1265 fuisse,
1529 1215 1564 1254 si
1578 1215 1682 1270 ipse·

231 1283 313 1315 met
341 1278 497 1316 suisset:
540 1293 630 1318 cum
663 1281 780 1331 longe
809 1280 1023 1320 minutiora
1072 1281 1122 1320 de
1143 1296 1187 1322 se
1213 1282 1410 1335 rebusque
1441 1296 1464 1321 a
1490 1296 1535 1323 se
1563 1285 1683 1336 gesti.

231 1345 376 1398 absque
400 1348 621 1399 ambagibus
641 1361 946 1387 commemorare
970 1348 1105 1390 soleat.
