1748 3094
409 130 469 175 IN
494 129 701 174 LEONIS
726 130 960 177 DIACONI
989 130 1088 178 LlB.
1118 131 1186 176 VI.
1403 127 1499 175 461

68 248 105 276 ι.
122 238 217 278 970.
231 235 278 275 iu
293 235 401 275 diem
417 249 511 276 1111.
529 235 745 275 Februarii.
774 236 1046 276 Celebrsbatur
1055 236 1106 274 ob
1127 236 1502 289 cultumimaginum

69 304 104 330 a.
124 292 218 336 842.
240 305 263 330 a
279 292 480 331 Methodio
500 292 725 331 Patriareha
744 305 826 330 una
847 306 937 331 eum
960 292 1147 331 memoria
1166 294 1333 332 Concilii
1351 295 1398 333 H.
1427 295 1502 333 Ni-

68 345 179 386 aerii
195 348 432 387 nstitutum.
469 349 524 386 Le
547 348 677 396 Quien
709 347 859 389 Orieut.
880 348 1026 387 Christ.
1043 348 1072 389 Ι.
1094 351 1187 393 256.
1217 350 1265 388 A.
1293 351 1384 400 Pagi
1411 351 1503 390 Cri-

65 404 134 444 tio.
155 404 224 443 IV.
246 406 313 448 24.
340 405 387 444 A.
412 405 650 457 Polyeuctus
678 404 829 444 obierat
848 405 954 444 circa
971 405 1011 444 d.
1037 418 1125 444 xvi.
1142 406 1311 446 Ianuarii
1331 407 1502 446 eiusdem

64 461 158 499 anni
184 464 279 504 970.

178 516 280 556 Ibid.
313 518 384 558 Im.
413 517 480 561 24.
508 514 538 569 ἦ
556 532 598 558 τε
621 514 696 571 γᾰρ
721 513 866 566 σπάνις
893 519 976 558 τῶν
1000 513 1226 570 ἆναγιιαίων
1244 517 1315 559 καὶ
1342 517 1367 560 ό
1390 486 1503 571 λιμὸς

66 569 314 643 ἕκβαθιῖνας]
342 573 574 613 Praesertim
605 577 700 617 969.
728 573 868 614 indict.
898 586 986 612 xn:
1014 587 1105 612 nam
1129 574 1236 626 apud
1259 575 1421 615 Ceth-en.
1453 575 1501 613 ΙΙ.

65 631 225 673 660.1).
249 627 325 683 τὴν
345 626 397 685 ιβ’
424 628 596 683 ἡμέραν,
622 630 750 668 scribe
775 645 851 681 την
874 626 927 681 ιβ’
956 630 1149 678 ἴνδικτον,
1177 636 1224 669 ut
1247 637 1354 670 recte
1382 632 1503 670 vertit

66 686 279 751 Xylsnder:
319 686 438 739 Apud
464 686 633 724 eundem
657 685 819 724 Cedren.
841 686 892 724 Π.
920 686 1013 727 644.
1040 687 1082 724 Ι).
1111 686 1160 724 de
1185 686 1273 735 lue,
1303 700 1403 756 quae
1429 687 1503 726 sub

65 742 275 781 Romano‘
260 743 420 781 iuniore
436 743 610 794 primum
635 748 772 780 exorta
797 738 888 794 ἄχρι
906 744 987 781 τῶν
1003 743 1098 798 τῇδε
1113 738 1279 793 χρόνων-
1286 758 1360 784 ουκ
1379 739 1502 783 ἔπαύ·

65 810 205 848 σαντο,
233 799 317 850 lege
334 795 556 847 ἕπαυσατο,
586 811 677 836 cum
703 798 883 836 omm‘bus
908 797 1034 836 Codd.
1055 798 1322 837 Bibliothecae
1347 799 1498 850 Regiae,
1508 809 1539 843 Β

64 854 149 908 ipsa
171 868 216 894 re
243 868 400 906 quoque
428 830 639 905 fingit-inte.
698 853 898 905 Seylitza'
885 867 928 891 ιιι
955 853 1180 892 chronicon
1204 868 1274 893 ms.
1300 855 1501 894 narratio-

65 925 155 949 nem
174 910 391 961 derivavit,
420 924 469 949 ex
489 910 661 962 Scylitza
681 910 891 958 Cedrenus,
922 910 990 948 ubi
1010 910 1060 948 11.
1082 912 1177 953 665.
1198 911 1241 949 B.
1270 911 1388 963 Apud
1405 912 1502 949 Leo-

63 980 153 1006 nem
179 967 361 1006 lubenter
387 966 629 1019 scripsissem
660 962 914 1018 ἐμβαθννας·
941 968 1094 1004 tametsi
1126 980 1176 1004 ne
1210 966 1313 1005 illud
1342 968 1501 1018 quidem

0 1021 1 1025 ¹
62 1024 265 1076 praeclare
286 1023 446 1062 dictum.
484 1022 638 1061 Etenim
659 1022 766 1073 apud
782 1022 995 1074 scriptores
1007 1022 1250 1060 Christianos
1269 1029 1308 1061 et
1325 1023 1502 1062 Helleni-

62 1085 141 1118 stas
170 1076 386 1132 ἕμβαθόνω
407 1078 534 1117 valet:
573 1081 616 1126 1)
641 1080 778 1128 Mergo
797 1092 878 1126 me,
904 1079 1050 1116 velut
1038 1092 1081 1116 ιιι
1105 1079 1347 1130 voluptates,
1375 1079 1500 1118 vitam

64 1135 283 1186 canalem,
312 1149 439 1174 curas.
466 1136 506 1172 S.
529 1134 696 1172 Basilius
721 1134 866 1174 Homil.
899 1134 943 1171 in
971 1134 1109 1172 Psalm.
1130 1148 1244 1176 xm.
1274 1135 1304 1174 1.
1333 1139 1424 1178 191.
1455 1136 1501 1174 Β.

62 1187 308 1244 ἔμβαθύνειν
328 1194 380 1247 τῇ
397 1192 528 1246 κακίᾳ.
555 1190 702 1229 Homil.
728 1190 771 1227 in
792 1190 932 1231 Psalm
952 1195 1047 1228 xiv.
1066 1190 1096 1230 Ι.
1126 1191 1284 1233 272.D.
1312 1187 1499 1243 ἐμβαθύ-

62 1263 145 1287 νων
160 1251 245 1295 τοῖς
260 1251 546 1299 περισπασμοῖς
561 1249 632 1295 τῆς
650 1242 805 1296 σαρκός.
834 1247 873 1284 8.
900 1245 1034 1287 Ioann.
1054 1236 1192 1313 Chrys.
1215 1246 1323 1287 Orat.
1345 1246 1497 1286 exhort.

63 1303 114 1342 ad
130 1303 346 1355 poenitent.
364 1303 430 1343 VI.
450 1306 544 1345 916.
571 1302 637 1344 40.
667 1299 722 1354 μὴ
752 1297 986 1368 ἕμβαθυιιῃς
1013 1301 1056 1342 ἐν
1082 1304 1137 1367 τῇ
1162 1297 1299 1342 ἆδικία
1324 1313 1409 1343 σου.
1458 1303 1499 1343 S.

63 1359 397 1427 Greg-Nyss.1n
425 1359 574 1398 Eccles.
604 1358 637 1396 I.
667 1359 760 1400 431.
781 1358 826 1396 B.
854 1372 951 1404 τους
978 1343 1287 1408 ἒμβαθύνοντας
1299 1361 1373 1410 τῆς
1399 1356 1501 1398 κατὰ

63 1411 190 1467 σάρκα
207 1417 318 1482 ζωῆς
345 1414 396 1466 [l.
392 1417 470 1483 ,τῇ
491 1429 528 1454 κ.
550 1426 585 1454 σ.
607 1413 736 1483 ζωῇ]
784 1413 831 1451 In
852 1412 1001 1452 cantic.
1029 1413 1138 1450 Cant.
1160 1414 1191 1451 Ι.
1221 1416 1317 1456 628.
1340 1415 1385 1452 Ι).
1413 1418 1499 1461 τοῖς

60 1467 334 1524 ἐμβαθύνουσι
359 1473 411 1526 τῇ
435 1473 510 1511 τοῦ
532 1470 626 1523 βίον
651 1465 799 1536 α’πᾶτῃ.
849 1469 903 1507 De
935 1474 1035 1508 orat.
1065 1469 1097 1507 1.
1125 1472 1219 1511 717.
1239 1469 1286 1507 A.
1313 1485 1395 1510 των
1412 1474 1501 1517 ταῖς

61 1528 244 1580 ματαίαις
268 1527 500 1580 ἐπιθυμίαις
523 1510 847 1594 ἐμβαθυνόντων.
905 1525 1051 1563 Contra
1070 1525 1305 1565 Eunom.11.
1333 1526 1426 1568 125.
1453 1525 1500 1565 A.

62 1583 106 1624 οἱ
130 1587 217 1630 ταῖς
244 1583 424 1634 ματαίαις
444 1582 677 1634 ἐπιθυμίαις
698 1596 797 1621 κατα
818 1579 958 1632 ψυχην
985 1577 1291 1632 ἐμβαθύνοντες.
1323 1581 1381 1619 De
1406 1594 1501 1620 ora-

60 1638 169 1676 tione
189 1639 341 1676 Domin.
358 1638 389 1676 Ῑ.
412 1638 507 1680 745.
532 1637 580 1676 A.
610 1638 665 1675 De
681 1637 993 1675 beatitudinibus
1008 1638 1037 1675 Ι.
1056 1639 1151 1679 786.
1170 1638 1214 1676 Β.
1253 1638 1398 1675 Contra
1415 1638 1499 1676 Eu-

60 1707 168 1735 nom.
198 1694 246 1732 11.
274 1697 339 1736 81.
368 1694 410 1731 C.
440 1700 479 1731 et
506 1696 600 1735 391.
625 1693 673 1731 D.
729 1692 772 1743 2)
807 1694 972 1730 Serutor
1006 1693 1137 1730 altius
1165 1698 1204 1730 et
1228 1692 1537 1744 profundius,c

62 1750 290 1802 praesertim
308 1748 570 1800 tropologiam
594 1755 632 1786 et
649 1748 912 1799 metalepsim,
941 1748 1019 1786 hoc
1036 1754 1113 1797 est,
1144 1762 1299 1787 sensum
1317 1749 1499 1800 allegori-

63 1819 155 1844 cum
172 1806 397 1857 Scripturae
423 1806 572 1843 Sacrae.
609 1804 793 1854 Origenes
811 1803 998 1842 Philocal.
1022 1808 1087 1846 70.
1107 1805 1153 1842 A.
1182 1805 1222 1844 εἴ
1235 1820 1294 1853 τις
1318 1802 1497 1857 ἐμβαθό.

61 1877 115 1916 νῃ
134 1864 192 1916 τῷ
214 1858 340 1913 λόγῳ·
369 1874 471 1912 quae
498 1860 584 1910 ipsa
613 1860 732 1899 verba
753 1860 870 1898 iterat
891 1860 1080 1898 Eusebius
1100 1861 1319 1912 Praeparat.
1345 1862 1494 1913 Evang.

61 1919 156 1960 283.
177 1918 221 1955 Ι).
249 1918 290 1956 S.
311 1917 473 1954 Ioannes
491 1915 598 1966 Chry
599 1923 790 1954 sostomus
817 1916 871 1953 De
889 1916 1062 1954 debitore
1080 1929 1122 1954 x.
1140 1917 1239 1955 mill.
1255 1917 1495 1956 talentorum

59 1971 109 2012 V.
138 1976 230 2015 197.
258 1976 324 2016 27.
354 1969 450 2024 μήτε
464 1976 546 2017 τοῖς
576 1971 796 2024 εἰρημένοις
811 1968 1124 2023 ἔμβαθύνουσιν.
1162 1971 1276 2012 Philo
1301 1973 1350 2011 de
1375 1987 1495 2026 prae-

56 2028 148 2066 miis
181 2034 220 2066 et
252 2041 368 2079 poen.
396 2030 490 2070 708.
519 2028 561 2065 C.
593 2032 679 2074 ταῖς
717 2028 911 2075 διανοίαις
943 2024 1252 2095 ἐμβαθυνανιες.
1302 2029 1494 2068 Eusebius

57 2084 236 2135 Praepar.
255 2084 403 2134 Evang.
421 2084 514 2127 574.
537 2083 584 2121 A.
615 2079 857 2135 ἕμβαθύνειν
881 2083 948 2123 καὶ
969 2080 1192 2135 δοκιμάζειν
1204 2082 1275 2125 τᾶν
1291 2088 1396 2126 νοῦν
1410 2101 1494 2125 των

58 2138 287 2191 λεγομένων.
331 2140 428 2177 Item
454 2140 522 2177 alii
541 2140 649 2177 sere
636 2139 851 2177 innumeri:
881 2141 919 2176 S.
940 2140 1109 2178 Basilius
1127 2140 1329 2178 Humilia
1314 2155 1357 2179 ιιι
1377 2142 1493 2179 Psal-

58 2208 168 2232 mum
186 2208 333 2233 mm.
352 2196 384 2233 1.
411 2198 504 2238 217.
523 2195 568 2233 A.
597 2195 865 2234 Theodoretus
885 2195 1059 2233 catena
1046 2209 1087 2233 ιιι
1106 2196 1240 2235 Ierem.
1260 2197 1310 2235 Π.
1330 2200 1422 2240 182.
1443 2197 1490 2235 Ε.

59 2250 173 2288 Philo
198 2251 253 2288 De
276 2251 416 2288 mundi
435 2251 595 2302 opificio
616 2255 681 2294 12.
700 2252 747 2292 G.
777 2251 834 2288 De
859 2251 1037 2302 profugis
1060 2253 1155 2295 375.
1175 2253 1220 2290 F
1250 2253 1305 2291 De
1330 2252 1492 2290 somniis

61 2305 155 2347 441.
183 2305 227 2344 F.
258 2306 485 2357 Anonymus
515 2308 658 2345 Catena
688 2307 733 2345 in
759 2307 899 2346 Psalm.
925 2307 955 2346 Ι.
984 2309 1078 2350 593.
1102 2308 1144 2345 C.
1169 2309 1270 2346 Nota
1293 2314 1494 2360 praeterea

58 2360 231 2426 phrasim
254 2362 294 2399 S.
315 2362 492 2412 Gregorii
510 2362 675 2414 Nysseni
693 2363 740 2400 In
762 2363 871 2401 Cant.
892 2363 1002 2401 Cant.
1019 2363 1050 2401 1.
1067 2364 1164 2406 510.
1190 2363 1237 2402 A„
1264 2362 1295 2415 ἦ
1326 2361 1370 2403 δὲ
1392 2362 1494 2409 λέξις

59 2412 346 2468 ἕμβαθύνουσα
370 2423 572 2469 τροπικαῖς
598 2420 829 2470 σημασίαις,
858 2417 981 2457 dictio
1004 2421 1241 2471 immergens
1263 2432 1304 2455 se
1328 2419 1494 2469 tropicis·

58 2472 445 2523 significationibus,
472 2472 550 2512 hoc
568 2481 647 2524 est,
675 2474 724 2512 iis
739 2475 869 2526 plena·

167 2530 271 2579 Pag
305 2530 398 2570 103
434 2528 506 2566 lin·
537 2533 601 2572 11.
639 2527 970 2582 Σφενδοσλᾶβον]
1020 2501 1206 2569 Variatur
1246 2528 1290 2566 in
1333 2527 1533 2571 nominen

59 2582 205 2621 Graece
222 2583 439 2621 scribendo.
496 2584 630 2624 Codex
644 2584 762 2624 habet
780 2585 1005 2653 (designabo
1024 2586 1185 2637 paginas
1207 2583 1401 2631 edifionis,
1426 2584 1495 2621 lo-

60 2638 118 2675 cis
139 2639 294 2677 Codicis
319 2639 625 2693 respondentes)
653 2638 994 2693 Σφενδοσθλᾶβος
1015 2642 1082 2683 64.
1112 2641 1159 2678 Β.
1181 2641 1246 2682 93.
1276 2639 1317 2676 C.
1345 2642 1412 2682 96.
1442 2639 1492 2678 A.

58 2692 104 2733 l).
136 2697 202 2735 97.
231 2695 279 2735 A.
303 2695 347 2734 B.
376 2692 702 2751 Σφενδοσθλᾶβῳ
729 2698 797 2740 85.
825 2698 869 2735 B.
900 2691 1242 2747 Σφενδοσθλᾶβον
1266 2695 1334 2736 63.
1357 2694 1404 2734 Β.
1424 2696 1492 2737 83-

57 2747 102 2785 B·
130 2749 197 2792 85.
223 2749 270 2789 Δ.
298 2753 365 2794 89.
398 2749 448 2790 A.
486 2750 602 2790 Hauc
634 2752 889 2805 scriptionem
924 2757 1080 2790 secutus
1116 2761 1226 2789 sum.
1231 2762 1347 2788 nam
1376 2749 1491 2801 quod
