1748 3094
372 173 433 219 IN
458 172 664 217 LEONIS
690 170 1064 223 DIACONI‘LIB.
1091 173 1126 216 l.
1378 161 1478 215 409

35 276 275 331 oportuisset
297 278 458 328 ultan,
488 279 743 318 observasset.
795 278 841 317 Iu
867 276 1015 317 cadica
1029 277 1119 328 hic,
1148 275 1227 319 miv
1244 281 1305 334 τῷ
1320 281 1480 320 Hasta-

11 337 13 339 '
34 337 106 392 λῇ·
133 334 314 387 superius
331 341 465 374 tamen
483 335 631 387 ubique
651 334 676 378 ὁ
690 336 901 383 Ποπιλᾶς.
1492 355 1493 359 =

144 406 252 457 Pag.
279 407 346 448 13.
375 406 445 447 lin.
472 407 512 448 8.
539 407 612 457 τῆς
628 407 745 456 σφοῖν
773 401 1029 458 ἆβελτηρίας]
1060 404 1197 444 Codex
1229 400 1480 457 ἆμελτηρίας,

35 459 181 499 mendo
214 461 421 500 manifesto
452 475 527 514 pro
566 458 744 514 ἆβελτηρ.
782 474 899 512 quam
928 461 1118 511 sormam,
1145 475 1218 514 per
1250 477 1302 513 η,
1333 462 1481 499 admo-

36 515 141 559 dum,
159 517 409 568 frequentant
437 517 650 570 scriptores
683 516 907 556 Christiani.
972 517 1036 554 Sic
1066 513 1275 570 ἆβελτηρία
1295 517 1481 556 ‘Alexan-

37 571 108 611 der
130 573 364 625 Lycopolitn
390 573 591 612 Adversus
620 573 869 612 Manichaeos
900 575 966 615 18.
993 573 1039 611 D.
1072 569 1303 626 ἆβελτηρίας
1340 573 1480 612 Helio·

36 627 160 667 dorus
184 627 388 680 Theogene
422 635 462 667 et
489 628 659 667 Chai-iel.
687 629 784 671 402.
818 629 863 667 A.
892 627 1116 668 methodius
1148 629 1311 668 Conviv.
1346 629 1482 668 decem
1510 644 1519 653 ·

36 683 139 735 virg.
161 686 255 728 182.
273 685 318 724 Β.
336 687 376 727 8.
401 685 580 724 Clemens
591 684 844 723 Alexandria.
864 682 1049 723 stromat.
1074 689 1168 728 762.
1187 686 1233 724 Δ.
1250 686 1289 723 S.
1303 685 1484 739 Epipha-

0 735 1 765 fi
35 739 126 778 nius
152 740 353 780 Adversus
381 739 545 792 lueres„
561 741 592 779 1.
625 742 720 784 493.
746 739 792 778 Β.
822 741 899 777 Leo
925 744 992 782 27.
1018 741 1063 779 Ι).
1081 738 1291 797 ἆβελτηρίᾳ
1308 743 1349 779 S.
1372 742 1484 781 Nilus

37 795 253 835 Peristeriis
274 800 368 841 119.
388 797 436 840 Δ.
456 796 639 848 Agathias
660 798 752 839 131.
770 795 819 833 A.
838 791 1074 848 ἆβελτηρίαν
1090 798 1129 834 S.
1153 797 1366 848 Gregorius
1383 798 1486 849 Nys-

36 865 156 891 seuus
169 852 313 891 Contra
334 853 459 892 satum
479 853 511 892 Ι.
530 856 624 896 896.
635 853 677 891 B.
697 858 736 890 et
753 852 898 891 Contra
913 851 1076 892 Eunom.
1089 852 1139 893 11.
1157 855 1253 895 310.
1273 854 1320 893 A.
1342 854 1380 891 S.
1390 853 1486 905 Epi.

35 907 208 960 phanius
226 908 427 948 Adversus
456 908 606 948 haeres.
625 908 656 947 l.
677 910 744 951 73.
764 908 807 947 C.
824 909 865 946 S.
887 906 1190 959 Chrysostomus
1208 909 1315 948 Orat.
1335 923 1425 948 vm.
1441 910 1486 948 in

35 963 210 1013 Pascha,
246 964 294 1005 V.
321 965 416 1008 943.
451 969 517 1008 12.
548 965 713 1003 Ioannes
744 963 987 1016 Philoponus
1022 964 1080 1002 De
1117 964 1260 1002 mundi
1289 966 1487 1004 creatione

39 1022 134 1063 113.
161 1020 206 1058 Β.
237 1019 422 1071 Agathias
448 1023 516 1064 73.
546 1020 591 1061 D.
620 1024 712 1064 117.
730 1019 774 1058 Δ.
797 1015 854 1060 δι’
873 1016 1109 1072 οῗβελτηρίαν
1127 1018 1274 1073 τρόπον
1296 1021 1487 1060 Eusebius

36 1075 260 1127 Praeparat.
281 1076 469 1127 Evangel.
494 1079 591 1120 312.
611 1076 657 1114 D·
678 1075 748 1114 ubi
768 1076 933 1114 sortasse
956 1076 1086 1115 minus
1101 1076 1200 1115 bene
1223 1076 1407 1128 Vigerus,
1436 1077 1486 1115 ob

32 1130 238 1183 'insignem
253 1146 413 1170 morum
430 1134 709 1184 asperitatem:
729 1132 875 1180 malim,
902 1134 1135 1181 amentiam,
1162 1132 1241 1181 vel,
1270 1135 1400 1171 animi
1417 1135 1487 1171 in-

36 1189 281 1238 sipientiam.
333 1186 598 1241 Ἀβελτηρίαις
631 1187 848 1226 Concilium
876 1188 1181 1229 Oecumenicum
1212 1201 1285 1228 vu.
1312 1189 1395 1228 VH.
1422 1193 1519 1229 ml>

36 1243 134 1286 411.
169 1239 390 1296 οὐμενοῦν·
429 1241 482 1285 οὔ
505 1242 581 1297 γάρ
608 1248 694 1291 ταῖς
715 1259 836 1284 τινων
869 1239 1120 1297 ἇβελτηρίαις
1146 1260 1185 1284 κ.
1213 1260 1244 1283 τ.
1272 1248 1307 1284 λ.
1336 1260 1487 1297 nequa-

36 1311 183 1350 quam:
214 1313 298 1337 non
322 1302 427 1337 enim
453 1299 709 1351 quorundam
743 1301 905 1350 ineptiis
932 1307 1001 1338 etc.
1058 1299 1158 1337 Male
1186 1299 1416 1339 narduinus
1440 1302 1487 1340 in

34 1354 238 1393 versione:
265 1368 525 1406 nequaquam
545 1357 650 1392 enim
675 1353 932 1406 quorundam
945 1355 1320 1406 profanationibus.
1375 1358 1486 1396 Scri-

36 1410 140 1448 bunt
167 1415 299 1448 tamen
324 1417 363 1449 et
391 1411 578 1449 nonnulli
595 1411 726 1449 Patres
750 1407 975 1462 α’βελτερία,
1004 1423 1078 1462 per
1099 1422 1137 1451 ε·
1164 1411 1259 1449 item
1287 1412 1487 1463 Agathin,

36 1465 106 1508 24.
123 1466 165 1504 C.
184 1472 226 1504 et
239 1468 325 1518 ipse
348 1467 440 1515 Leo,
471 1471 538 1510 27.
560 1467 607 1505 D.
625 1466 868 1504 Adverbium
892 1462 1118 1518 ἀβελτέρως
1144 1468 1278 1516 stulte,
1306 1468 1347 1506 in
1365 1469 1485 1507 Lexi-

38 1521 98 1559 cis
122 1522 332 1572 omissum,
360 1522 477 1561 habet
494 1522 739 1574 Porphyrius
759 1522 816 1560 De
845 1522 1079 1560 abstinentia
1101 1527 1192 1565 129.
1208 1524 1257 1564 A.
1277 1523 1375 1564 οἶδὲ
1393 1525 1485 1578 περὶ

36 1572 191 1618 τούτων
210 1574 425 1632 α’βελτὲρως
442 1578 631 1633 λέγοντες,
660 1580 735 1630 qui
756 1577 950 1616 stolidius
964 1578 1031 1616 his
1050 1577 1099 1616 de
1113 1579 1231 1617 rebus
1249 1581 1486 1632 loquuntur.

148 1650 256 1700 Pag.
286 1649 350 1691 15.
379 1649 454 1687 lin.
485 1652 522 1692 1.
550 1646 652 1701 πρός
668 1647 744 1702 τήν
764 1652 837 1690 τοῦ
855 1645 977 1689 πόλου
997 1650 1301 1701 μεταβαίνοντος
1321 1650 1486 1705 ἄντυγα]

39 1702 152 1741 Verti
169 1705 263 1754 poli
264 1705 491 1754 fornicem,
519 1706 706 1743 audacter
731 1705 904 1743 Ennium
920 1711 1102 1755 secutus,
1131 1707 1310 1758 quamvis
1332 1708 1486 1761 impro-

39 1759 158 1798 bante
179 1760 364 1798 Cicerone
385 1761 441 1799 De
460 1767 607 1800 orator.
626 1761 694 1800 111.
712 1761 780 1804 40.

152 1827 259 1868 Ibid.
281 1829 359 1870 lin.
388 1831 426 1872 3.
454 1829 657 1882 ἓπιστίχως
681 1830 737 1881 τε]
762 1827 1000 1883 Ἐπιστίχως,
1021 1846 1097 1883 per
1114 1830 1289 1881 ordines,
1316 1847 1399 1872 non
1417 1834 1485 1872 in—

39 1884 200 1923 venitur
218 1884 262 1922 in
281 1885 456 1923 Lexicis:
484 1899 568 1923 vox
592 1887 779 1924 usitatior
798 1893 857 1925 est
880 1885 1105 1939 στοιχηδὸν,
1134 1889 1243 1939 quod
1262 1890 1357 1928 vide
1379 1890 1485 1929 infra

40 1941 109 1984 59.
135 1941 179 1978 Β.
209 1953 261 1978 ex
287 1940 451 1991 Agathia
480 1943 548 1984 23.
580 1942 621 1979 C.
675 1938 892 1994 Ἐπίστιχος
923 1944 1137 1993 adjective,
1166 1958 1245 1994 quo
1266 1945 1392 1985 utitur
1405 1948 1484 1985 Leo

39 1996 175 2034 statim
194 2003 299 2048 post,
330 1996 495 2035 habetur
523 1997 566 2035 in
586 1998 854 2048 Etymologico
885 2012 1045 2049 magno,
1082 2000 1187 2038 uude
1218 1999 1483 2042 Schneiderus

42 2052 196 2092 sumsit.
252 2052 330 2090 Sed
362 2053 404 2090 in
432 2053 523 2091 loco
552 2052 750 2092 Theodori
778 2054 980 2092 Abucarae
1004 2055 1232 2107 Interrogat.
1264 2057 1314 2098 Π.
1346 2066 1484 2106 contra

40 2107 318 2146 Nestou'anum
347 2109 440 2151 448.
472 2110 513 2149 C.
531 2109 597 2147 ubi
617 2122 754 2148 cusum
775 2116 853 2159 est,
882 2110 1118 2162 ἐπετίμησαν
1139 2115 1195 2167 τῷ
1209 2115 1281 2164 τῆς
1299 2114 1487 2167 αἰρέσεως

43 2159 177 2203 αὐτῶν
190 2162 494 2215 ὗπερασπίζοντι
513 2161 662 2220 ἔξᾶρχςο
680 2165 860 2220 ἔπιστίχῳ
874 2162 987 2215 τάξιν
1002 2167 1190 2219 ἐπέχοντι,
1212 2182 1312 2220 quae
1328 2171 1481 2220 ultima,
1503 2179 1546 2214 P.
1571 2179 1637 2214 194

43 2224 92 2256 ut
108 2219 330 2270 desperata,
359 2221 576 2258 Tun-imus
597 2221 640 2258 in
659 2222 839 2259 versione
857 2236 939 2260 non
962 2223 1111 2274 attigit,
1140 2225 1302 2263 emenda
1317 2240 1369 2264 ex
1389 2227 1485 2266 cod.

44 2274 167 2324 Regio
193 2275 363 2325 optimae
390 2283 508 2314 notae
537 2277 609 2317 No.
633 2280 751 2320 1111.
773 2274 935 2332 ἔξᾶρχῳ,
962 2275 1179 2320 ἐπισκόπου
1193 2277 1306 2330 τοτ’ξιν
1324 2282 1488 2335 ἐπέχον-

43 2345 94 2378 τι,
121 2329 447 2380 reprehenderunt
467 2335 708 2383 antistitem,
736 2335 911 2384 episcopi
930 2335 1109 2372 ordinem
1128 2336 1385 2386 obtinentem,
1414 2341 1487 2389 qui

43 2385 238 2423 haeresim
261 2387 439 2436 ipsorum
455 2387 699 2438 defendebat.
732 2390 889 2427 Etenim
909 2390 979 2441 qui
996 2390 1248 2431 Theodorum
1265 2395 1486 2443 Abucaram

42 2455 274 2505 ediderunt,
303 2455 441 2507 siglam
474 2473 598 2499 επισκ.
626 2472 704 2510 qua
734 2459 949 2508 ἐπίσκοπος
972 2463 1225 2514 exprimitur,
1254 2478 1336 2501 non
1360 2462 1483 2514 magis

41 2512 337 2560 intellexerunt,
368 2526 484 2563 quam
501 2515 568 2565 qui
586 2515 631 2552 in
642 2516 817 2554 Concilio
837 2519 1006 2567 generali
1024 2532 1117 2557 vul.
1140 2519 1187 2559 V.
1208 2519 1324 2561 1466-
1346 2519 1391 2556 D·
1411 2525 1483 2569 iy-

42 2567 107 2618 pis
125 2567 391 2616 excuderunt,
418 2572 492 2620 τῆς
515 2569 801 2624 βασιλευούσης
815 2572 1044 2626 ἐπισκοπῆς.
1103 2575 1260 2624 Corrige
1283 2587 1333 2611 ex
1352 2573 1483 2611 Photii

30 2622 229 2674 ‘Epistolis
260 2626 302 2666 5.
329 2622 376 2663 A.
406 2627 479 2676 τῆς
514 2623 797 2678 βασιλευούσης
824 2628 1059 2681 ἐπίσκοπος,
1087 2632 1295 2681 episcopus
1321 2630 1485 2680 reginae

13 2729 20 2733 ι
47 2678 229 2727 urbium,
254 2678 334 2716 hoc
350 2684 427 2728 est,
454 2681 859 2735 Constantinopoleos.

157 2733 258 2772 Ibid.
284 2735 357 2772 lin.
385 2738 450 2777 21.
481 2736 598 2787 δίκην
619 2739 825 2790 χειμερίων
852 2737 1063 2791 νιφᾶδων]
1096 2740 1241 2777 Confer
1275 2738 1483 2790 Agathiam

47 2790 142 2830 101.
162 2789 208 2826 Ι).
227 2789 383 2828 Allusio
408 2790 457 2828 ad
474 2791 627 2831 illustre
651 2794 894 2845 eloquentiae
912 2797 1096 2847 Ulysseae
1121 2795 1287 2845 elogium
1307 2795 1421 2837 Iliad.
1440 2799 1483 2836 Γ.
