1748 3094
249 173 352 223 422
703 180 751 227 C.
777 182 827 226 Β
855 180 1011 227 HASII
1036 179 1257 228 NOTAE

248 287 351 332 νοῖς,
387 275 639 324 Heliodorus
658 285 862 336 Theagene
884 284 978 329 154.
1002 286 1043 328 C.
1071 302 1134 327 οτι
1163 283 1221 340 qm*
1250 282 1371 340 φυσει
1388 285 1616 342 καρτερικος
1634 304 1702 340 ην,

250 337 343 381 ἄλλ’
373 337 601 395 ἄξιερᾶστου
628 339 815 394 γυναικὸς
844 343 900 390 εἰς
929 339 1003 394 τὴν
1028 346 1314 397 παρελθοῦσαν
1341 341 1528 394 ἀθέατος
1586 344 1703 384 Philo

251 397 309 435 De
320 397 478 450 Ioseph.
500 399 595 441 417.
612 399 657 438 F
682 405 761 438 tres
778 397 1023 437 characteres
1041 413 1121 438 esse
1138 400 1217 439 viri
1236 400 1390 452 civilis,
1417 396 1485 442 τόν
1503 416 1545 441 τε
1563 415 1703 460 ποιμε-

253 451 388 503 νικόν,
418 454 485 495 καὶ
501 470 570 495 τον
588 452 858 508 οἰκονομικὸν,
885 454 954 495 καὶ
967 453 1039 496 τόν
1058 471 1302 526 καρτερικον,
1331 468 1445 510 quem
1462 457 1592 496 statim
1613 463 1705 509 post

252 509 421 563 ἐγκρατῆ
445 517 575 549 vocat.
631 511 746 550 Unde
776 518 817 550 et
845 527 890 552 το
921 510 1152 565 καρτερικὸν
1167 512 1493 566 philosophorum
1507 520 1703 563 veterum,

252 566 302 604 de
336 580 411 617 quo
443 567 601 618 Diogen.
629 569 758 606 La'ert.
791 567 1009 606 Antisthen.
1040 571 1133 611 138.
1166 570 1209 608 C.
1237 576 1278 608 et
1304 568 1349 611 6
1360 567 1586 623 καρτερικὸς
1614 571 1704 623 βίος

152 658 158 664 ,
216 621 413 660 chsebii
431 598 693 666 Demoonstrat.
714 624 949 676 Evangelica
972 627 1065 667 117.
1092 626 1138 665 D.
1161 632 1200 664 et
1219 622 1335 679 νόμοι
1357 625 1578 680 καρτερικοὶ
1597 626 1706 678 apud

244 679 494 717 Oenomaum
531 681 830 733 Praeparatione
866 681 1051 731 Evangel.
1079 683 1174 724 221
1204 682 1246 720 C.
1302 683 1436 722 Altera
1466 682 1704 733 significatio

243 741 311 774 est
321 738 507 786 patiens,
531 738 911 786 aerumnasf'erenS‚
935 735 1242 788 υπομονητικὸς,
1270 739 1336 776 8111
1355 738 1447 778 voci
1466 753 1488 777 a
1506 741 1546 781 S.
1565 739 1707 790 Chry-

250 798 426 830 sostomo
457 793 566 834 Orat.
595 794 638 830 in
664 793 949 831 scandalizatos
975 793 1062 832 VII.
1092 795 1160 835 33.
1185 799 1223 837 2.
1253 795 1521 847 coniungitur.
1577 794 1705 834 ItaM.

249 847 477 886 Antoninus
504 849 561 886 De
587 848 715 901 seipso
746 851 842 892 193.
873 850 919 886 D.
941 849 989 887 de
1015 850 1202 888 Socrate.
1228 848 1559 905 καρτερικώτερον
1585 851 1629 891 ἐν
1647 865 1704 890 τω

251 901 366 959 πάγῳ
396 904 696 974 διενυκτέρευεν.
743 906 782 947 S.
809 905 987 943 Clemens
1012 905 1304 945 Alexandrinus
1327 908 1588 946 stromatibus
1607 892 1703 949 731.

252 959 299 999 A.
322 958 480 1012 ἀληθης
507 960 552 1003 ἐν
578 957 702 1016 λόγῳ,
730 976 959 1016 καρτερικος
975 961 1018 1002 ἐν
1036 957 1165 1002 πόνω.
1225 961 1460 1002 Plutarchus
1477 963 1706 1002 Alexandro

251 1015 308 1057 M.
328 1020 423 1060 692.
445 1018 489 1055 A.
530 1002 695 1055 Invenio
714 1023 847 1055 tamen
870 1017 1016 1069 passim
1041 1019 1147 1069 apud
1166 1020 1430 1070 posteriores,
1463 1019 1534 1058 ubi
1552 1025 1708 1058 vertere

249 1073 388 1124 possis,
418 1072 654 1124 intrepidae,
684 1075 903 1122 animosus,
932 1087 1011 1125 quo
1031 1087 1146 1113 sensu
1164 1075 1232 1113 1118
1247 1076 1407 1115 videtur
1422 1075 1538 1115 sumi.
1568 1077 1608 1115 S.
1624 1077 1707 1113 An-

246 1127 406 1166 tiochus
419 1129 592 1180 Epistola
613 1130 662 1168 ad
675 1129 929 1168 Eustachium
946 1132 1066 1173 1022.
1085 1131 1130 1170 D.
1144 1131 1195 1170 de
1208 1132 1426 1183 monachis,
1453 1145 1534 1170 non
1543 1138 1706 1170 utcae-

247 1185 327 1223 'teri
344 1191 451 1223 metu
463 1187 746 1224 Saracenorum
767 1186 1066 1225 adventantium
1084 1187 1397 1237 diffugientibus:
1425 1184 1644 1238 ἐπέμειναν
1660 1186 1705 1228 δὲ

250 1240 295 1282 οἱ
307 1241 528 1307 καρτερικοὶ
549 1243 688 1283 δοῦλοι
706 1245 779 1283 τοῦ
797 1242 1005 1292 Χριστοῦ’
987 1257 1043 1283 εν·
1055 1246 1108 1298 τῇ
1124 1240 1592 1299 λαύρα.811Ρ81·1111117118
1611 1259 1707 1295 καρ-

247 1293 486 1346 τερικώτατα
515 1311 631 1350 saepe
658 1298 947 1340 adverbialiter.
997 1300 1036 1339 S.
1065 1300 1240 1351 Cyrissus
1260 1300 1474 1340 Alexandr.
1491 1299 1707 1352 Glaphyris

250 1351 283 1390 I·
302 1353 461 1395 242.D
464 1384 473 1394 .
502 1351 814 1409 καρτερικώτατα
838 1358 921 1402 τοῖς
938 1349 1077 1404 πόνοις
1104 1352 1290 1408 ἐντυχων.
1329 1358 1369 1394 S.
1392 1356 1558 1395 Basilius
1578 1356 1718 1407 Epist.-

208 1416 328 1453 Dcm.
354 1409 404 1447 Π.
433 1410 530 1454 942
566 1410 615 1449 A.
644 1407 957 1463 καρτερικώτατα
984 1414 1151 1466 σιωπᾷν.
1208 1411 1269 1449 Ab
1294 1412 1490 1451 adjectivo
1517 1409 1706 1464 καρτερὸς
1732 1433 1734 1436 ⁴

253 1464 447 1504 deductae
464 1479 593 1515 voces,
621 1466 666 1504 in
684 1466 837 1505 Len‘cis
859 1466 1046 1516 omissae,
1075 1472 1170 1505 sunt
1189 1465 1437 1521 καρτερότης,
1467 1468 1601 1517 robur,
1617 1469 1706 1519 fir-

250 1520 420 1561 mitudo.
466 1523 506 1563 S.
522 1522 712 1591 Cyrillus
742 1522 1124 1592 Hierosol'ymitanus
1154 1523 1355 1590 catechesi
1372 1525 1469 1567 274.
1486 1524 1531 1565 Β.
1555 1524 1599 1564 ἐκ
1633 1539 1705 1576 fno-

250 1578 435 1625 νοειδοῦς
460 1593 553 1630 χοος
577 1582 799 1631 γεννᾶσθαι
824 1578 892 1618 καὶ
910 1574 1053 1619 ὀστέων
1081 1577 1358 1633 καρτερότητα,
1386 1579 1455 1621 καὶ
1478 1576 1705 1632 πνεύμονος

253 1630 488 1685 απαλότητα.
544 1634 679 1673 Altera
701 1630 1019 1698 καρτερόψυχος,
1038 1636 1191 1685 sortia,
1213 1639 1396 1687 patiens,
1425 1637 1469 1674 in
1484 1637 1574 1674 loco
1598 1643 1705 1675 certe

251 1689 588 1741 SChrysostomi
607 1692 719 1731 Orat.
752 1691 795 1728 in
812 1691 1110 1730 praecursorem
1129 1692 1209 1732 VH.
1234 1693 1328 1736 532.
1345 1693 1413 1745 34.
1432 1689 1477 1733 τό
1504 1693 1614 1744 ῤ’ἦμα
1630 1707 1702 1732 του

242 1744 549 1798 ’καρτεροψύχου
573 1743 671 1800 Ἰώβ.
728 1745 874 1785 Vocem
891 1747 1071 1795 tertiam,
1099 1749 1412 1800 καρτεροψυχία,
1441 1751 1569 1786 anima
1563 1749 1705 1786 'robur

252 1808 289 1838 et
299 1802 522 1853 fortitudo,
550 1817 641 1841 cum
661 1802 803 1841 habeat
823 1816 998 1841 summus
1015 1803 1079 1842 vir
1095 1803 1311 1842 Schneide1
1313 1818 1358 1842 us
1379 1805 1421 1842 111
1442 1804 1599 1850 Lexico,
1626 1804 1705 1842 du·-

245 1857 356 1896 'biam
385 1865 517 1897 tamen
545 1873 625 1897 esse
654 1860 893 1925 suspicatur.
941 1859 999 1898 Ea
1025 1872 1121 1898 vero
1143 1867 1313 1901 utuntur
1333 1860 1519 1912 Iosephus
1540 1861 1598 1899 De
1616 1861 1706 1898 Ma-

254 1912 434 1952 Chabaels
473 1918 592 1958 1093.
633 1916 678 1953 Ε.
702 1910 996 1968 θαυμασαντων
1022 1914 1066 1955 δὲ
1095 1913 1256 1956 πάντων
1283 1914 1358 1968 τὴν
1386 1917 1705 1984 καρτεροψυχίαν

253 1966 391 2012 αὐτοῦ.
431 1972 468 2010 S.
487 1971 653 2009 Basilius
668 1972 791 2023 Epist.
813 1985 1002 2010 ccxcvln.
1022 1971 1074 2010 II.
1097 1975 1215 2014 1066.
1238 1973 1280 2011 D.
1302 1987 1377 2023 την
1394 1971 1497 2024 ’ὑπὲρ
1518 1975 1595 2030 τῆς
1610 1968 1706 2024 ἄλη-ι

251 2028 358 2071 θοῦς
390 2027 555 2074 πίστεως
572 2028 900 2080 καρτεροψυχίαν;
954 2027 1112 2066 Nicetas
1145 2027 1341 2079 Paphlago
1362 2027 1526 2066 Laudat.
1552 2026 1591 2065 S.
1620 2028 1706 2066 Eu·-

252 2080 522 2122 Ska111·53.A.
546 2086 663 2138 νικᾷν
684 2082 756 2136 μὲν
772 2087 823 2138 τῇ
841 2083 1133 2137 καρτεροψυχία
1150 2081 1217 2124 τόν
1238 2079 1544 2137 ἀνταγωνιστήν.
1601 2083 1703 2122 Ver-

252 2136 345 2174 bum
367 2124 627 2188 compositunl
654 2139 934 2192 ἕπικαρτερέω,
954 2152 1183 2190 persevero,
1210 2152 1330 2190 aeque
1350 2139 1392 2176 111
1413 2139 1567 2184 Lexicis
1583 2139 1702 2177 omis-

253 2204 363 2242 sum,
392 2200 555 2244 usurpat
571 2195 816 2247 Nicephorus
837 2195 1018 2233 Phocas
1006 2208 1050 2231 m
1067 2195 1239 2233 Tacticis
1258 2208 1377 2246 supra
1402 2196 1493 2238 159.
1519 2197 1562 2234 C.

365 2248 470 2288 Ibid.
500 2250 571 2290 lin..
604 2254 672 2293 21.
711 2256 795 2299 τοῖς
823 2246 902 2291 ’ὑπ’
931 2246 1049 2290 αυτὸν
1078 2246 1338 2303 ἀγωνίζεσθαι
1357 2248 1702 2305 προτρεπόμενος]

254 2302 434 2343 Postulat
462 2306 640 2356 syntaxis
667 2322 760 2354 τους
777 2302 854 2347 ὑπ’
881 2303 1027 2347 αὐτόν·
1053 2312 1205 2356 tamen,
1227 2320 1315 2345 811111
1343 2308 1530 2345 mendum
1548 2307 1625 2345 ab
1612 2321 1701 2360 ipso

255 2366 418 2398 auctore
447 2374 605 2399 manare
628 2363 867 2406 credendum
887 2369 964 2411 est,
993 2367 1040 2399 ut
1060 2361 1125 2405 84.
1144 2363 1186 2401 C.
1206 2360 1306 2417 πρὸς
1322 2361 1395 2414 την
1413 2360 1542 2415 μάχην
1560 2367 1701 2417 χωρεῖν

254 2421 340 2465 τοῖς
363 2415 570 2468 ἑπομένοις
598 2414 878 2471 προυτρέπετο
908 2419 974 2461 95-
1003 2418 1048 2459 Β.
1082 2415 1237 2466 τούτοις
1265 2416 1533 2474 προυτρέπετο
1561 2423 1701 2472 χωρεῖν

109 2470 236 2507 P·203
258 2487 358 2512 κατα
382 2475 461 2513 τῶν
485 2476 684 2523 Σκυθων,
718 2473 822 2512 nihil
848 2473 1016 2517 mutavi,
1071 2472 1181 2511 Idem
1210 2475 1394 2523 verbum,
1422 2474 1700 2528 προτρέπομαι,

257 2529 450 2580 exhortor,
477 2542 562 2567 non
579 2542 660 2567 uno
676 2529 767 2568 loco
789 2529 1046 2568 confunditur
1061 2541 1152 2567 cum
1171 2530 1477 2599 προστρέπομαι,
1501 2531 1699 2597 supplico,

258 2584 396 2626 adoro.
453 2585 643 2624 Eusebius
671 2584 970 2637 Praeparatione
998 2585 1233 2636 Evangelica
1257 2590 1326 2630 67.
1358 2586 1406 2625 A.
1430 2601 1499 2633 τας
1515 2581 1699 2639 ἆνοργια-

258 2652 375 2689 στους
405 2638 559 2689 τελετάς
576 2637 753 2697 ευσεβεία
771 2638 885 2695 νόθῳ
906 2641 1246 2693 προτρεπομένων.
1281 2642 1438 2681 Scribe
1454 2653 1701 2695 προστρεπο-

258 2694 401 2748 μένων,
433 2699 499 2746 vel
517 2697 663 2748 potius,
691 2699 744 2735 ut
752 2710 841 2735 cum
857 2698 1182 2748 praecedentibus
1200 2698 1432 2746 concordet,
1459 2710 1701 2751 προστρεπο-

259 2750 369 2804 μὲνη.
427 2754 465 2792 S.
488 2754 666 2793 Clemens
691 2752 908 2792 Alexandr.
938 2753 1221 2792 Admonitione
1237 2753 1287 2792 ad
1304 2759 1437 2805 gentes
1455 2754 1521 2796 24.
1545 2753 1590 2794 C.
1608 2752 1702 2805 ’Ἀρ-

263 2822 372 2860 τεμιν
393 2807 435 2850 δὲ
448 2805 630 2865 Ἀρκάδες
648 2806 943 2865 προτρέπονται.
985 2809 1154 2864 Tametsi
1171 2802 1249 2849 'hie-
1258 2816 1366 2849 recte
1382 2809 1554 2850 restituit
1574 2821 1700 2864 προσ-
