1748 3094
1739 0 1748 58 ἶ

479 156 482 159 ⁴
1738 148 1748 174 Α

272 177 373 226 454
724 181 773 225 C.
799 177 1026 230 B..11ASII
1049 177 1249 223 NOTAE
1745 196 1748 212 ε

385 284 499 328 Ἀλλοέ
518 287 641 327 ταῦτα
665 283 736 338 μὲν
766 281 869 325 οὕτω
892 281 1147 324 συντέθειται.
1201 280 1431 333 Sequentia,
1459 275 1643 332 Ἰωάννης
1663 277 1707 320 δὲ

278 343 303 385 ὅ
336 346 542 395 Τζιμισκῆς
555 372 565 391 ,
594 339 664 388 τὰς
684 343 756 391 τῆς
773 339 972 391 Ῥωμαίων
997 355 1034 379 κ.
1056 354 1090 379 τ.
1111 342 1146 379 λ.
1168 337 1295 377 denuo
1312 337 1355 375 in
1376 337 1581 376 historiam
1598 348 1708 374 rece-
1742 347 1748 391 ,³

275 400 338 452 pit
355 399 551 437 Cedrenus
572 397 623 435 11.
646 398 740 439 663.
761 396 808 436 D.
845 395 988 434 Omisit
1005 401 1136 433 autem
1154 392 1368 432 senariolos
1383 393 1541 432 Ioannis
1560 392 1709 431 Melite-
1745 397 1748 433 ἶ

276 455 432 504 nensis,
471 455 552 493 sive
581 452 688 504 quod
709 452 829 503 paulo
852 451 1048 502 longiores
1078 450 1115 489 ei
1143 447 1302 505 (vereor
1326 462 1378 505 ne
1405 449 1522 487 etiam
1539 444 1708 499 ·lectori)

275 511 527 558 viderentur,
558 509 640 547 sive
669 507 777 559 quod
803 508 922 546 ludus
944 507 1074 559 potius
1093 505 1241 557 ingenii
1268 518 1385 556 quam
1403 517 1628 544 vera-arcae
1647 503 1711 541 in-
1745 516 1748 519 ⁴

279 567 456 619 scriptio.
491 567 603 603 Certe
624 564 788 602 Ioannes
814 563 1101 613 Melitenensis,
1120 563 1164 601 si
1191 562 1227 600 is
1253 567 1311 599 est
1329 561 1378 599 de
1401 573 1481 613 qno
1507 560 1559 598 Le
1581 560 1712 607 Quien

279 623 430 660 Orient.
452 621 591 660 Christ.
613 620 642 658 Ι.
660 620 756 662 445.
778 620 821 660 C.
839 620 946 658 vixit
971 619 1075 658 circa
1095 633 1128 657 a.
1150 619 1281 668 1027,
1311 617 1400 671 plus
1431 616 1713 669 quinquaginta

277 679 390 716 annis
408 683 500 729 post
515 675 780 728 Nicephorum
799 677 841 713 in
864 689 994 713 arcam
1017 675 1229 713 conditum.

386 736 493 785 Pag.
522 737 588 776 91.
619 733 690 770 lin.
719 732 757 775 5.
788 731 1032 784 παλινῳδίαν
1048 725 1170 787 ᾖσαν]
1198 728 1383 778 Agathias
1403 731 1470 771 89·
1488 728 1534 767 B·

387 791 493 840 Pag.
523 793 588 832 92.
618 788 690 827 lin.
719 788 758 830 4.
787 787 1042 838 μουζακίτζην
1072 784 1217 837 δηλοῖ]
1236 784 1286 823 Η.
1317 798 1350 826 e.
1373 785 1594 837 pusillume
1626 783 1711 822 vid.

276 845 448 896 Ducang.
470 845 639 882 Glossar.
657 843 704 883 II.
728 843 849 885 1570.
867 843 911 880 Β.
933 844 1007 880 Sed
1025 841 1129 880 hanc
1145 840 1417 892 etymologiam
1434 839 1605 878 nominis
1624 839 1714 877 Tzi-

278 902 418 940 misces
439 913 603 953 prorsus
622 898 818 950 improbat
837 898 900 937 vir
926 898 1174 936 doctissimus
1202 895 1380 946 cirbied,
1408 896 1451 934 in
1469 895 1610 939 Schola
1627 896 1716 933 Re-

279 958 340 1008 gia
369 956 528 1009 speciali
557 955 781 1005 linguarum
807 954 1066 992 Orientalium
1092 952 1373 992 hodiernarum
1402 951 1610 990 cathedrae
1634 950 1716 990 Ar-

279 1013 478 1050 meniacae
502 1011 620 1049 decus
645 1016 683 1049 et
702 1017 986 1049 ornamentum.
1042 1010 1134 1048 Esse
1153 1008 1343 1046 nimirum
1369 1007 1413 1046 in
1430 1006 1613 1046 Armenia
1633 1020 1717 1045 ma·
1743 1017 1747 1021 '

131 1073 175 1109 P.
197 1071 266 1110 224
280 1069 365 1107 iore
382 1068 519 1106 urbem
538 1065 921 1116 Tschemischgaizag
939 1063 1038 1120 (vid.
1058 1079 1176 1116 quoq.
1197 1056 1362 1102 D'btails
1378 1077 1451 1101 sur
1468 1064 1513 1101 la
1526 1065 1718 1114 premiere

280 1123 412 1176 eprd.
436 1123 505 1161 des
536 1123 738 1161 Clzrbtiens·
767 1121 871 1159 dans·
897 1123 940 1159 la
960 1122 1184 1170 Palmtine,
1213 1119 1394 1158 traduits
1413 1117 1461 1156 de
1488 1120 1718 1157 l'armbnien

279 1196 327 1218 en
341 1181 539 1230 franpais
561 1192 644 1230 par
670 1180 718 1217 F.
739 1179 906 1219 Martia.
926 1177 1099 1228 Magasin
1118 1176 1335 1228 Encyclop.
1358 1175 1565 1226 septembr.
1595 1178 1717 1218 1811.

273 1251 317 1289 p.
338 1232 444 1288 38.):
475 1235 518 1272 id
536 1247 681 1272 nomen
703 1233 923 1283 significare
948 1247 1104 1271 soccum
1125 1231 1386 1284 splendentem
1403 1245 1435 1270 s.
1451 1234 1718 1283 purPureum,

282 1306 360 1343 quo
388 1292 609 1329 calceentur
633 1289 814 1328 mulieres
838 1303 911 1342 per
935 1289 1147 1327 Orientem.
1203 1288 1300 1326 Inde
1328 1287 1540 1325 oriundum
1567 1286 1719 1325 Tzimi-

282 1360 422 1386 scem:·
456 1346 615 1396 eiusque
640 1358 806 1394 nomen,
834 1345 1074 1384 ‘Armeniace
1106 1343 1483 1394 Tsclzemesolzghigli
1512 1342 1727 1394 scriptum,-

281 1417 362 1442 esse
391 1402 667 1441 diminutivum
694 1401 878 1452 alterius,
906 1401 1089 1452 vertique
1117 1400 1257 1438 debere
1284 1399 1490 1437 socculum
1509 1397 1720 1450 ‹splenden-

280 1467 369 1499 tem.
418 1459 597 1496 Referam
615 1458 699 1509 ipsa
722 1458 840 1495 verba
866 1455 1087 1494 amicissimi
1113 1455 1303 1506 collegae:
1341 1483 1366 1504 ,‚
1386 1454 1720 1505 stchemisehga'i-

281 1530 377 1566 zag,
416 1516 489 1565 qui
519 1514 677 1564 signifie
706 1513 863 1551 sandale
889 1513 1124 1552 etincelante
1151 1525 1206 1549 οιι
1230 1523 1351 1561 rouge
1380 1524 1457 1561 que
1478 1516 1639 1561 portent
1664 1511 1721 1547 les

271 1573 441 1623 femmes
476 1570 696 1608 orientales
727 1569 755 1606 ὰ
778 1570 884 1606 leurs·
904 1567 1045 1619 pieds,
1074 1574 1134 1605 est
1158 1568 1194 1604 le
1218 1580 1312 1604 nom
1336 1564 1457 1603 d’une
1484 1566 1579 1603 ville
1608 1564 1656 1603 de
1676 1566 1722 1603 la

278 1625 435 1678 grande
458 1625 648 1664 Armenia>
680 1626 750 1676 qui
777 1625 985 1675 s'appeloic
1015 1625 1132 1661 aussi
1158 1624 1452 1660 anciennement
1477 1621 1720 1673 Hierapolis;

282 1684 440 1732 ellefut
459 1682 502 1718 la
514 1683 648 1732 patrie
670 1681 717 1718 de
733 1680 826 1718 lean
844 1682 1044 1717 Zimisces.
1105 1679 1157 1718 Ce
1175 1677 1329 1716 dernier
1343 1691 1456 1727 nom,
1485 1681 1604 1728 qu’on
1624 1679 1723 1715 berit

282 1754 328 1776 en
364 1739 564 1775 armenien
595 1735 992 1786 Tschemeschghigh‚
1023 1739 1120 1773 n’est
1146 1749 1222 1786 que
1247 1735 1284 1772 le
1309 1732 1531 1783 diminutis
1547 1732 1606 1770 du
1623 1747 1722 1784 pre-

284 1796 405 1843 mier,
434 1801 470 1831 et
491 1794 525 1830 il
543 1793 701 1844 signifie
720 1793 843 1843 petite
861 1792 1019 1830 sandale
1037 1791 1281 1829 etincelante.
1345 1790 1446 1828 Telle
1460 1797 1517 1826 est
1533 1789 1577 1827 la
1595 1790 1723 1840 signi--¹

272 1851 447 1901 fication
474 1864 526 1887 οιι
552 1850 811 1900 l'btymologie
839 1847 898 1886 du
925 1855 1007 1886 mot
1034 1844 1269 1886 Zimisces.''
1334 1845 1444 1893 Quae
1470 1845 1724 1896 quemadmo-

285 1905 379 1943 dum
415 1919 504 1943 cum
541 1905 726 1957 opinione
759 1904 900 1944 Leonis
932 1903 1116 1957 componi
1148 1901 1328 1957 possint,
1366 1900 1541 1941 viderint
1571 1900 1722 1940 litteras

285 1960 502 2000 Orientales
525 1961 646 2003 docti.

771 2147 844 2191 IN
870 2145 1136 2191 LIBRUM
1162 2144 1239 2188 VI.

139 2253 178 2285 p,
201 2252 268 2289 225
398 2239 504 2289 Pag.
534 2240 601 2282 93.
632 2238 702 2276 lin.
734 2241 770 2281 1.
806 2240 887 2278 Τοῦ
909 2235 951 2277 δὲ
970 2232 1260 2289 αὐτοκράτορος
1282 2226 1605 2286 Νικηφόρου-τὸν
1628 2228 1725 2285 τρό-

290 2293 382 2345 πον]
414 2294 680 2332 obtruncatus
699 2301 757 2332 est
772 2293 1014 2344 Nicephorns
1032 2305 1135 2330 anno
1155 2295 1249 2334 969.
1269 2290 1309 2329 d.
1330 2302 1389 2326 XI.
1406 2288 1550 2326 mensis
1568 2289 1725 2325 Decem-

289 2349 390 2389 bris:
418 2349 473 2387 ita
490 2363 585 2401 quae
603 2356 815 2387 narrantur
833 2349 913 2386 hoc
932 2349 1033 2386 libro
1045 2377 1057 2397 ,
1086 2348 1137 2385 ad
1152 2346 1323 2399 priorem
1342 2349 1495 2397 partem
1521 2343 1614 2382 anni
1630 2346 1724 2386 970.

289 2406 512 2458 pertinent:
541 2405 631 2443 vide
653 2405 812 2453 Pagium
833 2404 967 2442 Critic.
990 2404 1055 2442 IV.
1074 2403 1141 2446 24.
1165 2402 1212 2439 A.

400 2459 502 2500 Ibid.
533 2461 604 2498 lin.
632 2462 673 2501 3.
693 2458 796 2510 ’Ὴδη
825 2458 868 2499 δὲ
892 2456 1092 2511 τετάρτης]
1130 2458 1239 2496 Haec
1262 2469 1386 2508 usque
1412 2454 1463 2494 ad
1485 2454 1553 2494 vb.
1581 2448 1726 2505 ἆνηγό-

292 2533 410 2568 ρευον
430 2515 677 2554 combefisius
699 2528 761 2566 ap.
783 2511 872 2565 Pag.
892 2515 956 2553 IV.
977 2519 1044 2557 22.
1599 2543 1602 2544 ν

405 2575 502 2624 Pag·
530 2572 594 2615 94.
622 2572 692 2608 lin.
721 2571 761 2612 5.
792 2570 830 2617 ἐς
849 2569 963 2622 γέρας
978 2573 1032 2625 τῷ
1051 2565 1168 2621 ἆνδρὶ
1188 2564 1337 2619 ταύτην
1358 2559 1637 2616 ἔκαινοτόμησε
1651 2559 1727 2614 τήν

293 2625 454 2680 τιμήν]
485 2628 680 2666 Cedrenus
704 2625 752 2664 Π.
782 2628 875 2667 663.
903 2627 949 2662 D.
974 2621 1094 2677 μήπω
1111 2621 1304 2678 πρότερον
1321 2620 1433 2669 ὄντος
1457 2622 1531 2659 τοῦ
1557 2614 1727 2670 ἀξιώμα-

294 2699 379 2733 τος,
407 2680 563 2737 πρώτου
584 2679 623 2724 δ’
647 2678 740 2722 αὐτὸ
760 2684 875 2721 τοῦτο
894 2678 1167 2732 ἕφευρηκότος.
1224 2678 1300 2717 Sed
1318 2679 1391 2728 leg.
1418 2671 1575 2728 πρώτου
1600 2670 1640 2714 δ’
1658 2669 1728 2713 av'·

294 2742 366 2779 τοῦ
377 2770 388 2788 ,
420 2742 511 2779 casn
539 2741 621 2791 ipse
635 2739 819 2790 primae,
849 2749 900 2776 ex
926 2736 1043 2776 codd.
1065 2735 1267 2785 omnibus,
1297 2745 1412 2773 sensu
1437 2743 1594 2783 quoque
1615 2728 1728 2780 flagi-

294 2801 414 2834 tante.
