1748 3094
452 177 531 219 AD
556 175 930 219 NICEPHORUM
954 174 1205 218 PHOCAM.
1418 168 1516 216 359

89 277 189 327 lati,
218 275 278 325 ²⁹)
306 278 461 327 «ninid,
489 279 604 317 talari
628 279 763 317 tanim
790 278 919 316 induti
943 290 1062 330 penes
1087 291 1160 317 nos
1186 277 1382 328 equitant,
1411 279 1517 318 inee-

89 343 190 382 duut
202 373 216 393 ,
241 358 394 383 manae
410 346 593 394 assident,
622 353 672 393 et,
699 346 805 397 quod
823 345 966 383 nostris
986 344 1165 383 omnibus
1184 344 1300 382 nimis
1322 351 1436 396 turpe
1454 346 1517 384 vi-

88 409 228 459 detur,
252 410 332 462 ipsi
357 411 433 449 soli
455 412 580 463 capite
608 419 744 464 operto
763 413 1018 464 Imperatores
1049 417 1203 450 nostros
1228 410 1515 451 deosculantur.

90 476 209 523 Quod
226 489 308 514 non
327 478 494 529 amplius
515 477 600 517 fieri
622 479 722 517 Deus
740 479 961 531 permittat,
989 477 1132 516 tacitus
1154 477 1251 518 dixi.
1308 478 1554 517 Reverterec

88 554 202 592 ergo,
235 543 387 594 inquit:
415 544 525 595 quod
549 557 640 583 cum
659 546 849 594 facerem,
878 550 1095 584 eccm-runt
1118 543 1215 582 mihi
1232 544 1425 583 commisti
1446 558 1514 582 ca-

85 608 210 660 preis,
248 622 346 660 quos
382 611 459 662 ipsi
490 609 651 661 dicunt,
690 612 836 661 onagri.
902 610 981 650 Sed
1017 623 1155 660 quaeso
1184 611 1317 661 quales
1348 611 1512 662 onagri?

90 675 222 726 quales
240 682 335 713 sunt
354 677 564 714 Cremonae
582 640 795 715 domestici.
850 677 968 715 Color
984 676 1100 724 idem,
1129 677 1254 715 forma
1273 677 1418 726 eadem,
1445 691 1511 716 au-

86 741 157 780 riti
183 742 342 791 itidem,
369 743 527 781 vocales
556 743 735 781 similiter
763 756 852 781 cum
876 743 1016 781 rudere
1044 742 1262 794 incipiunt,
1288 743 1509 793 magnitudo

84 821 169 846 nou
186 808 340 860 dispar,
365 808 555 847 velocitas
579 822 682 858 una,
709 809 842 847 dulces
868 809 972 860 lupis
994 822 1139 860 aeque3
1169 822 1266 860 quos
1290 823 1380 848 cum
1402 810 1511 849 vide.

85 885 168 912 run
178 903 192 923 ,
213 874 451 926 coequitanti
468 875 617 914 Graeco
635 876 817 926 inquam:
852 874 1073 914 huiuamodi
1087 889 1299 926 numquam
1323 877 1366 914 in
1383 878 1512 915 saxo-

83 939 151 978 nia
169 940 264 980 vidi.
319 941 384 990 Si,
411 942 560 992 inquit,
587 942 774 980 Dominus
799 948 890 981 tuus
910 943 1054 980 Sancto
1081 942 1312 994 Imperatori
1338 942 1507 992 morige-

84 1012 196 1045 ntus
214 1007 355 1056 fuerit,
383 1008 529 1045 multos
543 1007 605 1045 illi
623 1008 850 1047 huiusmodi
871 1008 1000 1058 dabit,
1035 1009 1183 1060 eritque
1199 1008 1261 1046 illi
1278 1021 1360 1047 non
1385 1021 1508 1059 parva

84 1072 230 1123 gloria,
265 1086 355 1112 cum
371 1074 454 1126 ipse
472 1074 708 1126 possidebit,
738 1075 843 1126 quod
865 1088 979 1113 nemo
997 1075 1244 1114 dominorum
1262 1074 1507 1113 decessorum

83 1150 247 1176 suorum
268 1138 383 1177 vidit.
438 1140 517 1178 Sed
540 1140 638 1178 mihi
655 1142 801 1180 credite
818 1142 973 1180 Domini
991 1141 1067 1179 mei
1084 1141 1270 1191 Augusti,
1310 1142 1507 1180 confrater

85 1210 127 1242 et
158 1204 420 1257 Coepiscopus
455 1219 563 1245 meus
599 1206 786 1246 Dominus
816 1208 1011 1249 Antonius
1036 1213 1165 1259 potest
1194 1220 1277 1244 non
1305 1207 1547 1247 inferioresl)

85 1269 198 1320 dare,
233 1277 279 1309 ut
303 1273 532 1311 commercia
550 1279 761 1324 testantur,
786 1288 881 1325 quae
903 1275 1005 1313 fiunt
1024 1275 1253 1313 Cremonae:
1290 1280 1405 1324 atque
1428 1274 1508 1324 ipsi

81 1349 168 1375 -non
195 1338 353 1388 onagri,
384 1339 455 1377 sed
478 1340 701 1388 domestici3
737 1353 820 1378 non
841 1341 980 1389 vacui,
1007 1341 1078 1379 sed
1098 1340 1247 1378 onerati
1273 1339 1505 1391 procedunt.

84 1402 164 1440 Sed
182 1415 274 1442 cum
299 1417 344 1442 en
372 1406 554 1457 superius
580 1406 725 1457 scripta
753 1406 869 1444 verba
893 1408 996 1445 idem
1022 1405 1243 1457 Nicephoro
1270 1405 1503 1454 nunciasset,

84 1470 319 1509 transmissis
342 1471 441 1509 mihi
461 1471 611 1510 duabus
635 1471 807 1522 capreis,
835 1478 883 1509 ut
908 1473 1050 1511 abirem
1069 1472 1267 1510 licentiam
1287 1469 1406 1507 dedit.
1457 1470 1506 1507 In
1523 1501 1531 1512 ,

86 1536 302 1575 castinum
329 1545 458 1576 autem
486 1539 639 1589 Syriam
663 1550 799 1575 versus
823 1539 1033 1590 profectus.
1088 1537 1165 1575 Sed
1197 1550 1268 1575 cur
1292 1535 1505 1573 exercitum

85 1614 194 1640 nunc
217 1602 260 1640 in
277 1603 454 1654 Assyrios
478 1605 659 1652 duxerit,
688 1618 828 1655 quaeso
855 1605 1055 1643 advertite.
1118 1602 1272 1642 Habent
1301 1600 1440 1640 Graeci
1466 1607 1507 1639 et

84 1669 267 1707 Saraceni
294 1670 435 1718 libros,
474 1683 571 1720 quos
600 1667 773 1722 ὁράσεις,
810 1672 891 1709 sive
922 1671 1090 1709 visiones
1130 1669 1298 1707 Danielis
1335 1674 1503 1716 vocant5

85 1748 157 1785 ego
183 1742 313 1774 autem
332 1736 562 1786 Sibyllinos:
591 1737 632 1772 in
653 1737 791 1786 quibus
811 1738 1000 1788 seriptum
1027 1736 1239 1788 reperitur,
1268 1740 1366 1784 quot
1393 1732 1505 1771 annis

87 1801 302 1852 Imperator
324 1802 486 1852 quisque
511 1803 637 1839 vivat:
666 1815 762 1852 quae
789 1803 867 1840 sint
881 1804 1031 1850 sutura,
1060 1815 1105 1839 eo
1124 1801 1381 1852 imperitante,
1407 1805 1503 1836 tem-

87 1880 209 1919 pora,
245 1881 348 1919 pax,
373 1882 423 1905 an
452 1868 649 1916 simultas,
675 1868 866 1906 secundae
887 1870 1165 1907 Saracenorum
1180 1871 1256 1905 'res
1283 1879 1333 1903 an
1362 1864 1503 1903 adver-

85 1949 163 1975 sae.
217 1935 375 1985 Legitur
390 1934 545 1984 itaque,
572 1933 689 1971 huius
704 1934 911 1986 Nicephori
929 1934 1169 1986 temporibus
1187 1932 1366 1983 Assyrios
1384 1931 1540 1969 Grae-E

86 2002 146 2040 cis
174 2015 257 2040 non
276 2015 389 2053 posse
406 2002 602 2050 resistere,
629 1999 811 2050 huncque
830 2001 1031 2051 septennio
1055 2006 1208 2038 tantum
1232 1998 1386 2036 vivere:
1411 2002 1504 2048 post

86 2070 200 2107 cuim
218 2069 367 2107 obitum
388 2068 658 2118 Imperatorem
674 2066 749 2103 isto
769 2066 996 2104 deteriorem
1021 2064 1108 2120 (sed
1125 2067 1241 2103 timeo
1261 2063 1369 2116 quod
1387 2063 1501 2102 inve-

86 2136 167 2174 uiri
190 2149 272 2173 non
297 2132 436 2186 possit)
466 2140 503 2171 et
529 2133 647 2183 magis
670 2133 862 2170 imbellem
887 2133 1026 2171 debere
1053 2145 1228 2182 surgere3
1268 2131 1377 2168 cuius
1396 2136 1503 2166 tem·-

88 2199 248 2251 poribua
262 2202 480 2251 praevalere
490 2199 631 2237 debent
649 2199 743 2236 adeo
759 2200 921 2249 Assyrii,
938 2206 983 2237 ut
997 2199 1039 2237 in
1054 2197 1347 2236 Chalcedoniam
1365 2207 1497 2245 usque,

90 2279 190 2315 quae
213 2266 331 2303 distat
359 2266 692 2316 Constantinopoli
718 2265 823 2303 haud
850 2266 985 2315 longe,
1011 2265 1243 2318 potestative
1270 2267 1410 2300 cuneta
1429 2260 1498 2297 de-

90 2332 207 2368 beant
224 2331 409 2370 obtinere.
463 2332 715 2369 Considerant
734 2333 835 2369 enim
854 2333 1006 2383 utrique
1022 2339 1219 2383 tempora,
1246 2343 1323 2367 una
1344 2326 1496 2364 eadem-

90 2409 171 2449 que
196 2409 241 2433 re
263 2396 404 2433 Graeci
424 2397 581 2435 animati
609 2398 882 2448 insequuntur,
910 2399 1091 2453 Sagaeeni
1112 2396 1306 2448 desperati
1332 2405 1414 2430 non
1436 2403 1497 2427 re-

91 2462 254 2500 sistunt.
290 2468 443 2512 tempus
471 2469 738 2514 expectantes,
776 2478 865 2502 cum
890 2471 931 2502 et
958 2463 1035 2516 ipsi
1058 2465 1333 2513 insequantur,
1362 2454 1499 2493 Graeffl

89 2528 230 2566 iterum
246 2541 326 2565 non
337 2528 521 2566 resistunt
530 2529 600 2583 ³⁰).
628 2530 703 2568 Sed
713 2530 875 2581 Hippol)
886 2537 948 2568 tus
958 2530 1112 2580 quidam
1124 2526 1333 2566 Siciliensis
1344 2522 1502 2573 Episco-
1518 2519 1652 2603 gulfi-5

90 2607 166 2645 pus
191 2594 323 2632 eadem
345 2594 523 2645 scripsit,
550 2601 590 2633 et
612 2596 660 2635 de
679 2597 843 2648 Imperio
866 2603 1017 2644 vestro,
1045 2603 1085 2634 et
1104 2601 1216 2646 gente
1242 2597 1394 2637 nostra,
1422 2602 1490 2627 no-

123 2723 189 2765 29)
215 2722 306 2757 Alias
324 2723 475 2766 cepolati-
507 2724 566 2757 (ἴα
577 2737 611 2758 ιι.
707 2726 771 2770 30)
801 2726 891 2759 Alias
913 2726 1045 2759 interim
1067 2734 1133 2756 non
1153 2720 1322 2754 resistant.
1356 2719 1451 2754 Can.
