1768 3034
319 142 420 191 256
637 153 714 197 DE
744 152 1128 197 VELITATIONE
1164 152 1400 197 BELLICA

105 269 131 301 F
133 269 175 301 οι.
195 264 260 303 408
283 275 409 307 ι·.νους
431 259 497 301 καὶ
519 257 733 315 πράγματα
760 263 842 301 τῶν
870 258 1089 312 πολεμίων,
1130 258 1196 300 καὶ
1224 256 1464 315 ἀνθρώπους
1484 258 1728 315 ἀνδραποδί-

316 328 415 379 ζειν,
461 328 525 367 καὶ
554 327 656 381 ἀρχὴ
689 324 853 380 τοιαύτη
883 325 1062 380 γένηται,
1106 322 1347 380 ὅρμήσουσιν
1373 325 1543 376 ἅπαντες
1571 329 1625 375 εἷς
1652 326 1727 380 τὴν

312 390 500 447 τοιαύτην
520 393 760 448 διαρπαγὴν,
798 394 864 434 καὶ
892 391 1063 447 ἀφειδῶς
1082 389 1195 434 ἔνδον
1210 389 1440 447 χωρήσουσι
1458 398 1539 436 τῶν
1554 397 1723 448 σκηνῶν,

312 461 412 515 ξίφει
442 459 588 507 αὐτοὺς
616 457 938 507 κατακόπτοντες.
987 459 1052 499 καὶ
1081 456 1172 500 τότε
1198 458 1299 513 πρὸς
1325 459 1455 514 φυγὴν
1483 458 1725 516 ὃρμήσουσιν

311 525 502 577 ἅπαντες,
541 524 626 567 ὅσοι
650 526 723 578 μὲν
752 524 979 579 ἰσχύσουσιν
1007 526 1187 579 ἐπιβῆναι
1209 526 1363 577 ἵππων,
1402 526 1440 567 οἱ
1461 526 1505 574 δὲ
1526 527 1592 567 καὶ
1609 527 1717 580 πεζῇ,
1731 532 1755 568 5

314 591 369 642 ὥς
388 592 437 634 ἂν
458 595 687 646 δυνηθῶσιν
707 591 817 648 ἷίρεσί
833 609 874 634 τε
896 593 961 634 καὶ
985 589 1156 647 φάραγξι
1184 587 1399 646 κρυβῆναι,
1435 593 1502 634 καὶ
1529 593 1728 648 σωτηρίας

276 661 458 713 Ὀτυχεΐν.
503 661 568 701 καὶ
585 661 618 700 εἷ
637 663 817 701 τοιοῦτον
835 663 884 714 τῇ
903 659 1077 716 βοηθείᾳ
1102 662 1175 700 τοῦ
1198 661 1302 701 Θεοῦ
1320 659 1477 713 γένηται
1493 658 1540 700 τὸ
1561 662 1632 700 τοῦ
1650 674 1726 700 πο-

312 727 433 780 λέμου
465 726 586 782 πέρας
616 726 682 768 διὰ
702 730 918 782 πρεσβειῶν
935 726 1007 778 τῆς
1033 723 1310 779 παναχράντου
1336 725 1488 781 μητρὸς
1516 725 1639 766 αὐτοῦ
1660 726 1727 766 καὶ

310 791 530 844 θεοτόκου,
576 792 696 842 δόξαν
723 793 795 846 μὲν
824 793 861 834 οἳ
895 790 996 846 ἅγιοι
1018 795 1192 844 βασιλεῖς
1220 789 1440 845 λήψονται,
1487 793 1553 832 καὶ
1580 789 1727 846 κράτος

313 860 419 902 ἅπαν
438 859 483 902 τὸ
499 858 716 912 Ῥωμαικὸν
737 857 963 914 στράτευμα
976 872 985 881 ·
1007 859 1145 912 μηκέτι
1163 857 1243 899 τῶν
1261 859 1455 910 πολεμίων
1472 857 1574 899 κατὰ
1595 855 1719 913 πρόσ-
1736 865 1757 899 1

313 945 421 969 ωπον
453 926 584 967 αὐτῶν
612 930 751 980 στῆναι
781 926 1018 978 δυναμένων.
1066 926 1100 965 εἷ
1118 924 1165 965 δέ
1179 940 1219 978 γε
1239 921 1391 976 ὅμαλοῦ
1417 922 1624 977 ἐπιτύχωσι
1638 922 1724 977 χῶ-

314 1011 386 1049 ρου
414 997 484 1047 τῆς
509 990 659 1048 ἡμέρας
677 990 978 1048 ε’πιφαινούσης,
1017 992 1082 1031 καὶ
1113 992 1167 1039 εἷς
1196 990 1318 1031 αὐτὸν
1343 988 1616 1042 καταλύσωσι,
1651 990 1725 1039 τὰς

313 1060 459 1114 σκηνὰς
478 1058 715 1112 πηξάμενοι,
752 1060 817 1100 καὶ
839 1059 911 1100 οὐκ
932 1058 1097 1112 εὐχερῶς
1124 1057 1165 1098 ἓν
1185 1061 1240 1113 τῷ
1268 1055 1435 1113 τοιούτῳ
1459 1054 1570 1113 τόπῳ
1592 1056 1662 1098 τὸν
1684 1057 1725 1098 ἓν

310 1129 420 1168 νυκτὶ
442 1124 613 1178 πόλεμον
631 1123 788 1179 ἁρμόζει
812 1125 995 1179 γενέσθαι
1009 1137 1019 1146 ·
1055 1126 1116 1165 δεῖ
1138 1123 1209 1164 τὸν
1227 1123 1448 1177 στρατηγὸν
1468 1122 1569 1176 μετὰ
1585 1127 1725 1164 πασῶν

165 1200 205 1234 Ρ.
226 1201 291 1235 166
314 1198 392 1235 τῶν
411 1194 573 1243 πεζικῶν
591 1209 632 1233 τε
650 1193 714 1233 καὶ
733 1191 900 1232 ἱππικῶν
920 1188 1123 1243 δυνάμεων
1140 1189 1365 1245 ἔμπροσθεν
1388 1188 1504 1231 πάλιν
1521 1189 1718 1244 γενέσθαι,

310 1262 376 1301 καὶ
403 1259 451 1300 τὰ
481 1257 711 1313 ὑψηλότερα
741 1261 822 1299 τῶν
850 1257 1209 1313 ὀρῶν-κατασχεῖν,
1247 1257 1314 1297 καὶ
1336 1256 1411 1310 τὴν
1438 1254 1623 1309 διάβασιν
1651 1260 1724 1309 τῆς
1756 1254 1762 1312 {f

311 1325 407 1368 ὁδοῦ
439 1323 583 1378 ὁμοίως
617 1325 933 1380 ἀσφαλίσασθαι.
989 1325 1055 1365 καὶ
1083 1324 1162 1364 ἐπεὶ
1189 1327 1335 1373 πᾶσαι,
1383 1320 1437 1371 ὥς
1463 1321 1633 1378 ἔφημεν,
1671 1321 1724 1363 ἀἱ
1751 1325 1762 1338 ”

310 1391 395 1435 ὁδοὶ
419 1392 462 1433 αἱ
482 1391 582 1446 πρὸς
604 1391 677 1445 τὴν
703 1392 894 1443 πολεμίαν
915 1388 1140 1445 εἰσάγουσαι
1163 1389 1228 1430 διὰ
1254 1393 1334 1430 τῶν
1365 1387 1467 1430 ὅλων
1494 1383 1549 1430 ὧν
1577 1388 1723 1444 ἀπηρι-
1751 1425 1754 1433 2

307 1457 531 1514 θμησάμην
552 1455 741 1510 θεμάτων
765 1459 830 1498 καὶ
853 1458 1005 1505 οἰκείοις
1023 1456 1252 1512 ὀφθαλμοῖς
1279 1453 1509 1508 ἐθεασάμην
1517 1486 1530 1506 ,
1568 1453 1723 1507 δύσβα-
1750 1484 1753 1511 3

309 1543 371 1568 τοι
391 1523 648 1580 τυγχάνουσιν
667 1524 707 1565 ἒν
729 1522 834 1578 ὄρεσι
852 1530 936 1572 τοῖς
953 1524 1163 1578 διορίζουσι
1182 1521 1255 1570 τὰς
1273 1520 1394 1577 ἄμφω
1406 1519 1556 1576 χώρας,
1579 1523 1720 1562 σπεῦδε
1767 1569 1768 1572 ¹

309 1595 624 1648 προκαταλαβεῖν
654 1589 726 1644 τὴν
755 1588 940 1643 διάβασιν
967 1589 1099 1631 αὐτῶν
1105 1621 1119 1640 ,
1164 1589 1230 1629 καὶ
1263 1587 1333 1629 τὸν
1370 1587 1473 1628 κατὰ
1508 1585 1721 1643 πρόσωπον
1767 1604 1768 1643 j

311 1660 443 1701 αὐτῶν
472 1655 717 1705 ἇδιστάκτως
750 1658 920 1698 διατίθει
946 1655 1131 1710 πόλεμον.
1183 1655 1248 1695 καὶ
1272 1651 1407 1709 χάριτι
1434 1656 1616 1708 Χριστοῦ
1645 1657 1720 1695 τοῦ
1747 1685 1768 1712 1:

313 1729 417 1769 Θεοῦ
438 1723 551 1778 ἡμῶν
570 1721 839 1779 ὖπερισχύσεις
858 1722 990 1766 αὐτῶν
997 1754 1014 1776 ,
1049 1723 1115 1764 καὶ
1141 1719 1307 1770 τούτους
1329 1719 1565 1773 καταβαλὼν
1586 1721 1720 1779 τελείῳ
1748 1711 1753 1721 ²

309 1790 560 1849 παραδώσεις
580 1791 804 1848 ἀφανισμῷ.
1359 1784 1363 1787 ⁵

397 1877 450 1911 18.
483 1872 588 1919 ὅλων]
611 1872 729 1910 ὅπλων
751 1873 848 1908 codd.

311 1953 375 1986 que
400 1941 435 1974 in
468 1942 660 1975 servitutem
684 1942 856 1985 redigere,
887 1939 1054 1984 semelque
1075 1937 1189 1973 harum
1222 1948 1330 1972 rerum
1355 1937 1486 1972 initium
1508 1936 1631 1971 factum
1654 1939 1719 1978 est,

310 1998 420 2019 omnes
438 1987 480 2019 ad
498 1987 655 2020 eiusmodi
670 1987 889 2030 direptionem
905 1990 1012 2025 ruent,
1028 1995 1194 2028 caecoque
1210 1983 1335 2027 impetu
1353 1982 1495 2022 tentoria.
1512 1981 1719 2022 invadentes,

312 2031 509 2064 obsistentes
539 2031 658 2074 gladiis
689 2031 874 2064 concident.
919 2030 1004 2062 Tum
1031 2040 1110 2062 vero
1138 2039 1247 2062 omnes
1276 2027 1313 2060 in
1334 2027 1446 2070 fugam
1468 2038 1506 2060 se
1531 2025 1720 2066 coniicient,

309 2076 431 2119 quibus
456 2075 594 2108 facultas
615 2076 679 2108 fuit
692 2076 725 2108 in
743 2086 845 2118 equos
860 2072 1043 2114 insiliendi,
1067 2072 1124 2106 alii
1139 2084 1267 2116 quoque
1280 2072 1438 2115 pedibus,
1460 2074 1559 2115 prout
1574 2070 1608 2103 in
1624 2081 1719 2102 mon-

309 2126 362 2152 tes
382 2124 416 2152 et
434 2120 599 2153 convalles
617 2121 740 2153 abdere
756 2131 792 2152 se
809 2120 949 2163 quisque
968 2117 1101 2162 poterit,
1126 2118 1169 2150 ad
1184 2117 1384 2159 salutemque
1401 2114 1583 2159 pervenire.
1615 2114 1717 2154 Quod

308 2165 360 2204 si,
384 2164 454 2196 Deo
481 2164 635 2204 iuvante,
659 2176 720 2208 per
741 2164 1006 2197 intercessionem
1029 2160 1305 2195 incontaminatae
1329 2160 1442 2192 matris
1464 2159 1534 2192 eius
1551 2158 1718 2202 Deiparse

310 2208 467 2242 eiusmodi
490 2209 587 2242 finem
610 2210 710 2242 habet
738 2208 916 2253 praelium,
939 2210 973 2240 et
1004 2207 1140 2250 gloriam
1160 2204 1269 2238 sancti
1292 2205 1529 2248 Imperatores,
1551 2207 1586 2236 et
1606 2204 1719 2236 firma-

308 2257 449 2286 mentum
482 2253 657 2287 universae
691 2254 907 2286 Romanorum
929 2251 1046 2295 copiae
1070 2254 1305 2293 assequentur:
1336 2260 1444 2293 neque
1469 2247 1718 2291 enim-amplius

307 2302 421 2331 contra
444 2297 517 2329 illas
542 2301 635 2330 stare
659 2298 771 2331 hostes
802 2299 966 2341 poterunt.
1013 2295 1111 2336 Quod
1136 2295 1184 2335 si,
1208 2293 1349 2327 diluculo
1378 2293 1584 2338 propatulum
1611 2291 1717 2325 locum

305 2341 417 2382 nacti,
438 2341 485 2374 ibi
502 2341 688 2374 constitutis
705 2342 925 2375 tabernaculis
943 2339 1160 2379 consederint,
1182 2349 1289 2382 neque
1306 2338 1389 2371 adeo
1406 2337 1553 2381 expedit,
1575 2336 1609 2370 in
1628 2335 1718 2369 eius-

306 2386 483 2421 modiloco
508 2386 746 2419 dimicationem
772 2391 962 2419 nocturnam
986 2384 1080 2418 fieri:
1108 2388 1241 2428 oportet
1267 2382 1383 2416 ducem
1408 2393 1482 2416 cum
1506 2379 1717 2434 pedestribus
1742 2390 1745 2392 “

306 2431 579 2474 equestribusque
604 2431 709 2474 copiis
726 2431 870 2464 omnibus
895 2431 1008 2464 hostes
1035 2428 1153 2462 iterum
1175 2430 1407 2471 praevertere,
1428 2430 1647 2468 montiumque
1661 2423 1716 2456 fn·-
1737 2468 1739 2470 q

304 2476 412 2519 stigia
426 2486 608 2519 occupare,
631 2479 731 2519 atque
755 2477 861 2516 viam,
883 2485 949 2519 qua
972 2472 1146 2507 transituri
1161 2473 1246 2513 sint,
1271 2473 1377 2505 denuo
1391 2469 1621 2504 intercludere.
1666 2466 1717 2500 Et

306 2521 478 2564 quoniam,
500 2525 537 2553 ut
560 2519 747 2560 docuimus,
770 2520 944 2553 universae
968 2517 1011 2551 ad
1036 2517 1222 2551 barbariem
1246 2517 1405 2549 ducentes
1426 2514 1503 2548 viae
1517 2513 1553 2546 in
1567 2511 1716 2545 omnibus
1734 2535 1736 2538 .

307 2576 389 2608 quas
423 2564 606 2599 enumeravi
627 2564 838 2608 propriisque
861 2563 965 2597 oculis
992 2561 1132 2596 lustravi
1152 2561 1348 2606 provinciis,
1379 2557 1531 2599 difficiles
1555 2559 1632 2589 sunt
1654 2565 1716 2599 per
1736 2563 1738 2573 ³

305 2611 432 2643 montes
466 2615 635 2652 utramque
665 2608 832 2652 regionem
856 2606 1140 2647 disterminantes,
1173 2616 1315 2651 propera
1341 2612 1582 2648 praeoccupare
1603 2609 1734 2634 eorumv

306 2654 501 2694 transitum,
523 2658 558 2687 et
578 2653 620 2687 ad
647 2653 744 2697 signa
767 2657 883 2697 aperte
908 2651 973 2685 illis
1002 2650 1174 2685 inferenda
1190 2650 1331 2683 fidenter
1357 2649 1484 2682 instrue
1499 2644 1623 2688 copias.
1667 2643 1717 2677 Et
1733 2653 1738 2672 2

307 2697 438 2749 curisti
468 2697 534 2734 Dei
566 2698 674 2733 nostri
704 2698 815 2742 gratia
847 2696 1037 2743 superabis,
1067 2696 1209 2742 illosque
1238 2694 1394 2729 disiectos
1431 2691 1578 2725 extremo
1602 2687 1735 2724 trades?

307 2742 422 2778 exitio.
435 2776 446 2780 ,
