1734 3028
269 145 371 193 512
455 151 502 195 C.
520 152 568 196 B.
588 151 740 197 HASII
755 153 956 198 NOTAE
977 153 1036 198 IN
1054 153 1222 198 LEON.
1246 154 1396 201 DIAC.
1415 155 1516 198 LIB.
1531 155 1585 198 X.

270 257 404 297 derat:
440 258 582 296 Sancti
624 259 837 307 Simeonis,
878 259 949 309 qui
984 259 1029 296 in
1066 255 1257 296 seditione
1295 258 1480 298 monensi
1513 260 1712 300 occubuit.

268 315 351 354 Nec
369 314 506 361 facile,
533 320 579 352 ut
595 313 674 352 hoc
690 315 815 352 obiter
831 313 972 363 dicam,
1001 327 1044 352 ea
1062 314 1104 352 in
1121 314 1299 354 versione
1314 316 1532 367 pagellsm'
1519 317 1711 367 invenias,

269 370 369 433 quin
393 370 444 408 sit
468 370 681 408 deformata
710 370 930 419 erroribus,
959 369 1266 422 interpretisque
1294 384 1364 409 seu
1385 371 1620 424 imperitiam
1643 386 1713 411 seu

266 425 515 464 oscitantiam
548 426 702 478 prodat.
761 426 879 464 velut
912 400 1007 469 887.
1045 427 1091 464 Ι).
1120 426 1387 478 Sophronias,
1425 428 1493 480 qui
1515 442 1613 467 saec.
1634 442 1709 469 vu.

263 479 560 533 Hierosolymae
574 481 795 521 patriarcha
813 482 903 531 suit,
915 482 965 520 sd
985 482 1205 521 Honor-ium
1223 483 1495 535 1mp.saec.v.
1513 491 1713 523 mortuum

263 538 468 604 scripsisse
495 537 642 576 dicitur
674 538 900 590 epistolam,
940 535 970 589 ἢ
1001 534 1197 590 ἀπεστάλη
1227 539 1270 579 ἓν
1291 535 1416 594 Ῥωμῃ
1443 537 1623 596 Ὅνωρίῳ
1653 543 1713 596 τῷ

263 609 410 646 ταυτης
433 590 651 646 ἐπάρχοντα..
706 593 916 632 Schottus:
944 595 1128 632 Honorio
1156 596 1341 633 Romano
1361 582 1607 647 Imperatori
1615 598 1714 634 mis-

263 665 366 688 sam.
423 650 559 688 Verte:
588 651 792 699 Honorio,
821 650 948 688 lunas
966 649 1091 701 [urbis
1111 650 1272 702 Romae]
1290 653 1487 700 antistiti,
1517 652 1712 692 Pontifici.

263 705 464 757 Epistolae
496 719 652 758 quoque
690 706 842 756 Photii,
881 720 903 743 a
934 706 1129 745 Richardo
1160 706 1402 760 Montacutio
1429 722 1564 747 versae
1592 715 1713 760 atque

264 762 404 811 editae,
434 776 516 800 non
535 763 733 801 meliorem
752 761 959 800 subierunt
981 763 1192 801 fortunam.
1247 764 1346 802 Nam
1367 764 1486 802 modo
1500 764 1711 816 interpres,

265 824 311 857 ut
338 824 420 857 erat
446 819 558 857 rudjs
589 832 720 858 rerum
740 818 1067 870 Byzantinarum‚
1096 819 1454 872 protospatharium
1473 820 1523 859 ob
1545 835 1626 859 non
1642 821 1712 858 in-

264 889 470 927 tellectum
496 889 637 940 siglum
669 890 907 944 ασπαθαρίῳ
932 886 1042 943 (vide
1074 902 1194 941 supra
1214 892 1307 932 217.
1328 889 1394 939 A.)
1411 888 1712 953 {spatharium

265 966 382 998 vocat
395 962 460 1002 69.
481 959 522 997 Α.
541 965 580 997 et
605 959 775 1012 primum
797 960 994 997 notarium
1015 959 1080 996 vel
1102 958 1373 1010 primicerium
1395 955 1662 1014 (ανοτᾶριον)
1682 971 1721 997 α’

266 1017 442 1052 notariis
469 1017 563 1057 361.
594 1016 636 1056 B.
669 1016 786 1053 modo
808 1022 890 1053 tum
911 1015 1148 1066 religionum
1164 1021 1250 1053 tum
1270 1015 1427 1066 linguae
1447 1017 1615 1055 Graecae
1637 1017 1711 1055 ad-

265 1071 426 1109 modum
459 1084 500 1109 se
527 1071 698 1109 ostendit
726 1072 967 1123 imperitum.
1021 1071 1087 1109 Sic
1125 1073 1192 1113 73.
1222 1072 1265 1110 C.
1291 1071 1458 1124 legitur,
1492 1072 1712 1111 ridiculene

265 1126 392 1164 dicam
421 1140 471 1164 an
499 1128 702 1165 scelerate:
731 1127 941 1165 ι’·είιιῖὂιιιίο
974 1141 1001 1164 a
1031 1127 1154 1164 caelis
1176 1129 1352 1178 reposita
1380 1135 1438 1165 est
1455 1130 1509 1166 iis·
1525 1130 1597 1180 qui
1618 1143 1712 1166 cum

113 1189 154 1229 P
176 1186 244 1224 264
256 1185 467 1234 proposito
496 1182 710 1221 mentiendi
728 1184 845 1222 verba
872 1197 1000 1235 ampla
1008 1184 1223 1234 protulere
1278 1183 1353 1222 Sed
1370 1184 1520 1223 locutio
1543 1189 1625 1232 τοῖς
1644 1183 1711 1225 ἐπὶ

264 1236 479 1289 ψεύδεσι
454 1255 564 1291 ρημα
581 1237 758 1292 πονηρὸν
779 1238 1080 1292 ὑφισταμένοις,
1110 1253 1206 1290 quae
1224 1245 1281 1277 est
1297 1240 1439 1279 allusio
1452 1241 1502 1278 ad
1521 1243 1560 1279 S.
1570 1240 1709 1282 Matth.

263 1295 310 1332 V.
334 1298 398 1337 11.
419 1295 476 1333 sic
502 1302 584 1333 erat
605 1296 824 1333 reddenda:
855 1297 908 1333 iis
927 1297 1001 1347 qui
1018 1296 1175 1333 malum
1190 1295 1355 1333 verbum
1380 1304 1519 1334 contra
1547 1311 1588 1334 se
1604 1311 1711 1334 men-

264 1350 419 1388 dociter
434 1365 488 1402 pr
489 1352 642 1389 οἰαίιιηι.
673 1359 777 1389 sust.
772 1354 890 1401 nent,
920 1353 1151 1418 patiuntur,
1181 1351 1362 1394 tolerant
1417 1353 1469 1390 Et
1490 1355 1553 1395 13.
1574 1353 1615 1391 C.
1635 1367 1711 1393 πα-

260 1411 421 1459 ρελθεῖν
441 1408 638 1448 αἰτεῖσθαι
658 1406 701 1448 τὸ
716 1404 907 1460 ποτήριον
925 1410 999 1448 τοῦ
1016 1403 1221 1456 θανατου,
1249 1407 1316 1448 καὶ
1349 1403 1470 1457 δοξαν
1483 1404 1599 1463 αὐτῷ
1633 1424 1710 1448 κα-

260 1466 346 1504 λεῖν
363 1460 499 1513 πάλιν,
523 1463 883 1515 ve1tit‚deprecari
901 1471 947 1501 ut
971 1471 1152 1500 transeat
1173 1466 1314 1501 mortis
1325 1465 1535 1515 poculum,
1554 1449 1592 1501 εἳ
1610 1479 1710 1502 ean-

262 1518 350 1556 dem
382 1534 522 1556 tarsus
547 1519 882 1570 glorificationem
908 1516 1056 1567 dicere,
1084 1532 1166 1557 non
1198 1520 1469 1558 animadverso
1498 1521 1708 1573 participio

260 1575 582 1626 nominativoque
607 1575 784 1613 absoluto
809 1577 851 1613 in
873 1575 994 1613 altera
1013 1580 1124 1627 parte
1146 1575 1372 1625 locutionis,
1402 1576 1459 1614 sic
1480 1577 1707 1615 vertendae:

258 1631 369 1682 depr.
395 1639 442 1668 ut
459 1639 637 1668 transeat
655 1633 796 1669 mortis
814 1632 1030 1682 poculum,
1060 1638 1095 1668 et
1116 1630 1224 1668 illud
1240 1630 1347 1668 idem
1363 1631 1478 1684 (cum
1497 1634 1559 1670 ita
1575 1634 1710 1672 visum

257 1689 343 1738 ipsi
354 1687 525 1740 fuiss-et)
547 1702 693 1725 rursus
708 1702 913 1726 arcessere.
961 1687 1037 1725 Sed
1056 1686 1257 1725 infinitum
1277 1686 1379 1726 esset
1390 1688 1590 1740 sigillatim
1612 1702 1708 1742 per-

259 1744 392 1795 sequi,
421 1743 490 1781 ubi
512 1744 682 1782 oscitans
702 1744 897 1795 interpies
918 1743 985 1781 ille
1007 1743 1227 1781 alucinatus
1247 1756 1286 1781 es
1289 1749 1318 1783 t.

371 1798 475 1839 Ibid.
508 1800 578 1838 lin.
610 1804 674 1843 16.
698 1796 773 1851 τήν
802 1814 843 1839 τε
861 1796 1067 1852 Λογγιάδα
1093 1799 1160 1839 καὶ
1181 1797 1249 1840 τόν
1275 1799 1449 1865 Δριζῆν]
1471 1800 1709 1840 Cedren.11.

260 1857 355 1897 683.
378 1856 418 1893 (3.
444 1854 563 1894 habet
590 1853 690 1896 κατοὶ
718 1853 792 1908 τήν
808 1852 1046 1908 Ἀναζαρβον
1073 1854 1141 1895 καὶ
1166 1853 1238 1895 τόν
1261 1852 1496 1896 Ποδανδόν·
1534 1857 1709 1908 Scylitza

258 1923 332 1948 ms·
349 1908 425 1963 τήν
439 1907 679 1965 Ἀνάβαρζαν
701 1911 808 1964 (vide
825 1925 944 1963 supra
962 1914 1028 1954 32.
1047 1909 1107 1963 Β.)
1126 1910 1194 1951 και
1213 1908 1255 1951 vti
1277 1909 1500 1954 Πανδαδόν.
1557 1910 1708 1964 Δριζής

258 1966 342 2003 sive
360 1970 505 2020 Δριζῆς
535 1968 694 2005 videtur
721 1969 832 2006 locus
858 1980 974 2019 quem
1001 1969 1171 2005 Zonaras
1202 1967 1254 2005 11.
1282 1971 1375 2010 201.
1402 1968 1448 2009 A.
1487 1969 1706 2022 Δριζίβιον,

259 2020 607 2066 cedreu.11.554.
633 2025 855 2075 1).Δρίζιον
877 2037 908 2060 s.
928 2024 1091 2088 Δριζίον
1111 2028 1269 2061 vocant.

219 2115 223 2123 .
371 2080 477 2141 Png.
501 2083 591 2121 178
617 2081 687 2118 lin.
712 2083 750 2121 7.
776 2076 824 2118 τὰ
845 2074 1095 2130 ῥυπᾶσματα]
1105 2073 1352 2130 Ῥυπᾶσματα
1370 2083 1466 2116 sunt
1484 2078 1707 2130 saepissime

223 2132 370 2184 Bapud
400 2134 612 2184 sciiptores
645 2135 885 2174 Chris·.1anos
921 2137 1227 2185 inquinamenta
1266 2147 1335 2172 seu
1361 2135 1542 2172 maculae
1572 2134 1705 2183 animi,

259 2188 303 2227 h.
328 2201 360 2225 e.
379 2197 561 2239 peccata.
618 2192 822 2242 Usurpant
841 2191 895 2228 ita
914 2189 1167 2242 Theophanes
1187 2189 1382 2228 Nicaenus
1405 2191 1528 2241 Epist.
1552 2190 1705 2228 doctri-

255 2244 338 2282 nali
359 2244 406 2282 de
434 2245 618 2296 patientia
650 2254 688 2284 et
717 2246 999 2296 longaniinitat.
1033 2246 1098 2288 40.
1119 2246 1163 2285 A.
1186 2247 1224 2283 S.
1243 2246 1407 2283 Basilius
1428 2246 1553 2298 Epist.
1581 2259 1706 2283 cano-

254 2299 346 2338 nica
367 2313 410 2341 11.
433 2301 482 2338 ad
506 2302 753 2352 Amphiloch.
781 2302 830 2339 11.
855 2303 949 2344 773.
978 2301 1019 2341 C.
1039 2300 1258 2352 Hesychius
1291 2302 1497 2353 presbyter
1519 2303 1574 2339 De
1599 2308 1705 2339 tem-

254 2363 408 2408 perant.
425 2363 462 2394 et
479 2356 670 2396 virtuteI.
694 2360 813 2400 1001.
828 2357 870 2397 A.
893 2358 968 2395 Leo
985 2357 1084 2409 Imp.
1103 2358 1149 2395 ln
1166 2357 1324 2395 exaltat
1343 2359 1382 2398 S.
1401 2357 1536 2395 Crucis
1553 2359 1647 2400 268.
1662 2360 1703 2400 9.

257 2413 298 2452 S.
319 2411 527 2462 Gregorius
545 2413 655 2464 Nyss.
696 2414 740 2451 In
760 2412 999 2465 principium
1016 2412 1135 2454 ieiun.
1155 2413 1218 2451 111.
1238 2414 1332 2456 247.
1352 2414 1396 2451 D.
1413 2413 1569 2464 aliique
1577 2412 1703 2451 mulli.

371 2467 473 2507 [bid.
494 2469 565 2508 lin.
585 2473 652 2512 22.
674 2466 879 2515 ἐνιαυτοὺς
902 2469 957 2518 ἓξ,
985 2466 1087 2521 πρὸς
1104 2463 1267 2521 ἡμέραις
1279 2465 1505 2520 τριάκοντα]
1524 2468 1588 2506 Sic
1606 2468 1703 2508 cod.

255 2537 338 2562 non
363 2523 483 2575 siglis,
511 2525 579 2562 sed
599 2525 726 2576 plenis
744 2524 899 2562 litteiis.
955 2524 1055 2562 Male
1081 2524 1191 2563 Ced1.
1211 2525 1260 2562 ΙΙ.
1291 2524 1383 2566 684.
1402 2525 1445 2562 Β.
1467 2520 1715 2575 βασιλεύσας

257 2579 322 2631 ἔτη
342 2576 373 2626 ς’
383 2610 394 2629 ,
423 2577 636 2628 τοσούτους
662 2583 810 2633 μῆνας·
841 2593 933 2617 nam
951 2579 1158 2617 Tzimisces
1179 2580 1240 2618 die
1256 2594 1315 2619 xl.
1333 2579 1526 2618 Decembr.
1551 2594 1584 2617 a.
1605 2582 1702 2621 969.

255 2642 374 2673 nocte
402 2636 527 2674 media
560 2637 774 2688 imperator
808 2635 1000 2673 salutatus
1025 2635 1132 2686 (vide
1156 2649 1274 2688 supra
1294 2637 1388 2678 225.
1410 2633 1492 2687 A.)‚
1522 2634 1620 2672 obiit
1638 2634 1704 2672 die
1731 2590 1734 2671 i

254 2703 295 2728 x.
320 2691 492 2729 Ianuarii
509 2706 542 2730 a.
564 2696 655 2735 976.
683 2691 910 2731 Elmacinus
939 2691 1039 2728 flist.
1064 2693 1146 2730 Sar.
1166 2693 1261 2735 243.
1285 2691 1330 2731 D.
1356 2703 1566 2744 perperam
1598 2690 1702 2729 scri-

254 2745 334 2798 bit,
364 2760 454 2787 eum
475 2761 607 2787 mense
623 2749 764 2788 Martio
785 2747 868 2789 vita
887 2748 1080 2786 functum.
