1768 3034
280 114 345 163 14
767 114 968 161 LEONIS
995 113 1232 159 DIACONI

68 239 104 272 A.
121 239 164 271 M.
182 235 270 273 6468
280 225 404 284 νήσου
418 219 586 274 τούτους
605 219 795 280 ἀπελάσῃ,
818 223 884 266 καὶ
902 223 997 273 τοὺς
1014 221 1230 280 σφετέρους
1246 223 1320 276 τῆς
1337 224 1409 263 τοῦ
1422 219 1563 270 ἄστεος
1575 218 1706 262 ἀπαλ-

115 285 181 317 lud.
203 284 226 319 3
280 295 379 352 λάξῃ
398 294 648 349 καθείρξεως.
706 289 860 335 τούτων
879 290 1059 345 ἀκηκοώς
1079 288 1100 332 ὃ
1121 288 1343 346 στρατηγὸς
1371 290 1438 331 καὶ
1463 288 1534 331 τὸν
1562 285 1707 344 ἐφεπό-

278 380 396 420 μενον
413 365 492 403 τῶν
512 358 695 415 λογάδων
713 358 885 415 στρατὸν
903 357 1145 414 πανημέριον
1163 354 1452 408 διαναπαύσας,
1471 355 1574 412 πρὸς
1591 353 1707 397 {omf-

280 449 355 488 ραν
382 433 555 484 βαθεῖαν
584 425 744 483 ἀπάρας
771 428 837 468 καὶ
867 423 1063 480 ἡγεμόνας
1090 429 1170 468 τῶν
1189 423 1324 467 τόπων
1343 426 1539 479 ἰθαγενεῖς
1558 421 1709 478 ανδρας

282 495 523 578 ἀνειληφὼς,
561 494 642 535 ἐπεὶ
662 495 728 536 καὶ
747 493 793 535 τὸ
817 497 1022 547 σεληναῖον
1041 497 1129 549 φῶς
1146 490 1363 546 υπέλαμπε,
1399 490 1745 546 πεπληρωμένηςᾰ

282 570 355 620 τῆς
373 562 501 619 μήνης
519 560 640 615 ου’σης
649 593 663 614 ,
699 562 909 603 συντείνων
929 560 1089 602 ἔσπευδε
1098 592 1112 612 ,
1147 561 1274 615 μηδὲν
1293 557 1440 613 τάχους
1459 557 1619 600 ἀνίεισι·
1643 557 1711 598 καὶ

285 634 334 687 δὴ
371 627 564 673 κυκλόθεν
592 628 663 671 τὸν
692 626 895 685 γεώλοφον
924 628 1248 684 περιεστοίχισεν,
1281 628 1350 669 ἰ’να
1375 625 1516 680 βαθὺν
1537 625 1577 667 οἳ
1604 621 1711 680 βάρ-

283 705 404 755 βαροι
429 695 554 739 ὕπνον
574 693 805 738 ἐκάθευδον.
850 694 1015 737 κᾶπειτα
1035 695 1108 744 τὰς
1129 694 1346 750 σάλπιγγας
1366 694 1560 747 ε’πηχῆσαι
1577 692 1643 734 καὶ
1660 689 1713 732 τὰ

284 765 472 820 τύμπανα
504 767 732 818 παταγῆσαι
759 761 1101 818 ἐγκελευσάμενος,
1139 762 1206 804 διὰ
1235 766 1308 804 τοῦ
1329 759 1533 816 γεωλόφου
1562 757 1710 814 ἐχώρει.

184 837 222 871 P·
246 837 267 870 8
293 834 331 876 οἳ
357 834 400 875 δὲ
426 829 652 887 βάρβαροι,
688 830 758 872 τὸν
784 828 923 886 ψόφον
950 834 1030 872 τῶν
1059 827 1469 882 ὅπλωνῖαῗσθόμενοι,
1505 828 1620 880 ψιλοὶ
1647 825 1714 867 καὶ
1746 869 1749 871 ,

287 897 554 956 ἀπαράσκευοι
574 896 706 949 ὄντες,
744 899 810 938 καὶ
839 901 895 954 τῷ
922 894 1137 953 ἀπροόπτῳ
1165 901 1238 951 τῆς
1264 894 1412 951 ἐφόδου
1442 892 1715 948 καταπλαγέν-

287 984 373 1019 τες,
412 968 465 1014 εἷς
496 965 716 1021 φυγαδείαν
747 964 968 1007 ἀπέκλιναν,
1040 964 1135 1006 ἀλλ’
1167 963 1240 1005 οὐκ
1271 958 1322 1017 ἦν
1359 959 1604 1013 ἀπαλλάξαι,
1641 963 1715 1013 τῆς
1766 974 1768 998 ι

286 1033 483 1090 ὑπωρείας
505 1030 661 1085 ἁπάσης
679 1032 940 1086 κατεχομένης
958 1035 1007 1087 τῇ
1022 1029 1220 1087 Ῥωμαϊκῇ
1238 1028 1422 1086 φάλαγγι.
1467 1029 1616 1071 ἀκονιτὶ
1643 1022 1715 1070 οὖν
1766 1035 1768 1037 ’

289 1103 330 1144 ἓν
348 1104 471 1158 μικρᾷ
487 1097 634 1154 χρόνου
654 1098 758 1155 ῥοπῇ
777 1099 822 1140 τὸ
842 1103 922 1140 τῶν
944 1097 1142 1154 τεττάρων
1159 1095 1367 1154 μυριάδων
1397 1101 1477 1139 τῶν
1493 1092 1715 1151 βαρβάρων

73 1169 143 1202 Fol·
165 1167 233 1204 275
251 1179 280 1202 V·
290 1167 444 1224 ἡβηδὸν
471 1163 732 1222 παραπώλετο
759 1169 938 1220 πλῆθος,
978 1164 1091 1221 ἔργον
1124 1165 1281 1220 γεγονὸς
1310 1166 1456 1218 αἰχμῆς
1476 1161 1768 1217 Ῥωμαϊκῆςάξ

285 1236 388 1279 ἀλλὰ
415 1238 472 1292 τῷ
499 1230 667 1289 τοιούτῳ
689 1237 810 1290 καινῷ
828 1233 1005 1289 τροπαίῳ
1022 1232 1153 1288 ἕτερον
1174 1231 1429 1287 ὅστρατηγὸς
1441 1228 1601 1286 ἐξήρτυε
1621 1226 1716 1285 τρό-
1764 1254 1768 1256 -

285 1319 416 1345 παιον.
479 1304 551 1342 τοῦ
579 1299 655 1355 γὰρ
677 1298 867 1348 πεσόντος
895 1298 1079 1352 πλήθους
1096 1299 1170 1347 τὰς
1188 1297 1315 1355 κάρας
1334 1299 1505 1351 ἐκτεμεῖν
1525 1298 1717 1353 διωρίσα-

287 1387 354 1421 το,
387 1368 453 1410 καὶ
474 1365 625 1414 ταύτας
644 1374 731 1415 ταῖς
753 1365 898 1422 πήραις
915 1366 1104 1414 ἐνθέντας
1122 1367 1385 1419 μετακομίσαι
1403 1364 1504 1421 πρὸς
1522 1364 1569 1406 τὸ
1589 1379 1727 1419 arpa--

250 1435 481 1479 Βτόπεδον·
515 1433 667 1488 μισθὸν
691 1434 735 1475 δὲ
766 1438 822 1489 τῷ
856 1431 984 1488 κάραν
1013 1434 1211 1485 κομίζοντι
1228 1435 1419 1475 δίδοσθαι
1444 1434 1716 1486 διεβεβαιοῦτο

291 1501 490 1558 ἀργύριον.
547 1503 667 1541 τοῦτο
695 1500 740 1542 τὸ
773 1498 903 1555 δόγμα
922 1499 1102 1549 ἀσμένως
1129 1498 1340 1554 δεξάμενος
1369 1498 1390 1541 ὃ
1419 1499 1612 1555 στρατὸς,
1650 1499 1768 1540 naim

289 1569 467 1624 μάλιστα
486 1567 532 1609 τὸ
553 1570 632 1608 τῶν
645 1567 857 1623 Ἀρμενίων
877 1568 1040 1624 στίφος,
1077 1566 1129 1608 τὰ
1155 1567 1386 1624 βαρβαρικὰ
1415 1567 1622 1619 ἐναπέτεμε
1642 1563 1717 1606 κά-

292 1653 394 1692 ρηνα
413 1636 479 1676 καὶ
505 1640 593 1682 ταῖς
613 1633 757 1690 πήραις
778 1635 984 1677 ἀπέθεντο.
1043 1632 1219 1688 ἔννύχιόν
1246 1652 1288 1678 τε
1315 1632 1337 1678 ὅ
1369 1633 1591 1690 στρατηγὸς
1620 1631 1718 1690 ἀφίκ

297 1720 383 1745 κετο
403 1701 506 1743 κατὰ
523 1700 568 1742 τὸ
591 1700 874 1757 στρατόπεδον.

391 1767 445 1824 η’.
492 1772 556 1824 Τῇ
577 1769 601 1808 δ
608 1768 620 1784 '
645 1767 836 1828 ὑστεραία
853 1768 942 1824 ἄρτι
963 1771 1035 1810 τοῦ
1054 1765 1275 1826 φωσφόρου
1295 1766 1366 1810 τὸν
1384 1764 1566 1824 δρίζοντα
1583 1781 1716 1823 παρα-

381 1876 413 1909 2.
437 1875 567 1909 τοῦτον
586 1875 662 1909 cod.
748 1877 780 1910 6.
805 1875 889 1919 Leg.
914 1872 1037 1915 ἀνιείς.
1112 1875 1212 1911 9.τά
1234 1871 1377 1920 σύμπαν
1395 1873 1626 1919 ἅπαταγῆσαι
1641 1872 1716 1907 cod.

384 1921 438 1955 15.
458 1917 604 1965 ἡβηδῶν
621 1918 694 1952 cod.
786 1922 839 1954 19.
862 1918 1156 1966 διαβεβαιούσθω
1175 1921 1249 1957 cod.

296 2009 414 2044 eiectis
432 2020 509 2042 suos
525 2009 696 2043 obsidione
715 2008 832 2053 oppidi
851 2009 1020 2044 liberaret.
1066 2010 1113 2043 Iis
1132 2010 1232 2043 rebus
1248 2009 1405 2054 cognitis,
1427 2009 1495 2043 dux
1511 2009 1629 2043 lectam
1647 2018 1719 2042 ma·-

294 2066 391 2095 num,
415 2066 511 2098 quam
536 2066 647 2087 secum
671 2055 836 2094 habebat,
862 2059 932 2087 toto
960 2067 999 2088 eo
1025 2054 1080 2088 die
1105 2055 1209 2099 quieti
1231 2067 1268 2089 se
1287 2056 1367 2088 dare
1384 2055 1503 2088 iussit.
1527 2055 1571 2088 ad
1584 2054 1718 2087 multam

295 2110 470 2142 vesperam
491 2100 680 2143 profectus,
706 2104 887 2143 nactusque
902 2099 1077 2142 indigenas
1096 2100 1250 2133 itinerum
1268 2100 1388 2140 duces,
1411 2111 1484 2133 cum
1501 2099 1545 2133 ad
1566 2100 1650 2133 haec
1671 2097 1720 2131 si-

295 2144 396 2177 derea
420 2144 555 2177 claritas
584 2155 605 2177 a
633 2144 730 2186 plena
750 2144 827 2177 luna
852 2144 1060 2184 subluceret,
1083 2145 1185 2177 citato
1206 2146 1330 2183 itinere
1355 2144 1546 2185 contendit,
1568 2143 1719 2188 nihilque

296 2189 339 2222 de
357 2189 531 2222 celeritate
547 2189 693 2228 remisit,
717 2188 822 2222 donec
850 2189 947 2222 armis
966 2189 1125 2223 cinxisset
1142 2191 1317 2230 tumulum,
1339 2189 1375 2222 in
1402 2200 1467 2234 quo
1491 2168 1639 2222 baiburi.
1650 2189 1721 2222 alto

297 2244 410 2267 somno
434 2234 643 2267 tenebantur.
691 2233 779 2266 Tum
806 2234 896 2267 tubis
919 2234 1050 2274 inflari,
1082 2235 1246 2278 tympanis
1274 2235 1399 2278 pulsuri
1424 2234 1541 2273 iussis,
1575 2236 1722 2267 montet

296 2278 437 2312 invadit.
485 2279 608 2311 Audito
626 2289 787 2311 armorum
803 2279 968 2322 strepitu,
991 2279 1144 2319 barbari,
1167 2280 1268 2319 nudi,
1291 2279 1458 2323 imparati,
1480 2277 1675 2323 insperato'
1663 2287 1720 2311 m-

300 2334 398 2356 cursu
420 2324 592 2364 exterriti,
615 2324 717 2366 fugae
734 2335 770 2356 se
787 2324 1023 2357 commendant.
1069 2325 1191 2357 Verum
1208 2335 1273 2357 non
1289 2330 1363 2358 erat
1379 2324 1542 2358 evadendi
1565 2323 1719 2362 facultas,

297 2372 477 2413 propterea
495 2368 583 2412 quod
598 2368 717 2401 montis
736 2368 866 2401 radices
890 2380 910 2401 a
927 2369 1076 2402 Romana
1092 2369 1163 2402 acie
1179 2369 1387 2403 tenebantur.
1437 2369 1492 2403 Ita
1533 2379 1613 2402 arvo
1632 2371 1720 2401 tem·-

299 2414 390 2458 poris
416 2418 577 2446 momento
595 2413 808 2446 barbarorum
830 2413 1003 2446 multitudo
1024 2414 1066 2446 ad
1090 2414 1310 2458 quadraginta
1322 2413 1425 2447 millia
1522 2414 1590 2447 itus
1608 2412 1720 2446 deleta

298 2462 371 2498 est,
400 2458 543 2501 telisque
566 2459 783 2491 Romanorum
811 2459 1049 2491 contrucidata.
1108 2459 1183 2498 Quo
1209 2470 1294 2493 novo
1320 2464 1459 2504 tropaeo
1485 2459 1622 2492 alterum
1645 2460 1718 2490 tro-

298 2514 416 2547 paeum
433 2502 500 2535 dux
517 2502 701 2536 adornavit.
748 2503 954 2536 Multitudini
975 2514 1143 2537 caesorum
1161 2504 1273 2547 capita
1287 2505 1439 2548 praecidi
1454 2504 1573 2543 iussit,
1595 2501 1719 2536 saccis-

301 2559 366 2591 que
385 2546 544 2581 condita
534 2559 569 2580 m
592 2553 704 2580 castra
718 2547 908 2591 deportari,
933 2548 1101 2581 affirmans
1122 2549 1319 2594 unicuique,
1342 2551 1442 2594 caput
1467 2548 1532 2582 sibi
1550 2545 1719 2586 afferenti,

301 2593 463 2625 mercedis
479 2592 550 2626 loco
566 2604 602 2626 se
618 2598 859 2626 numeraturum
875 2604 1004 2626 numum
1022 2598 1224 2637 argenteum.
1269 2594 1309 2627 Id
1327 2595 1469 2628 edictum
1484 2603 1557 2627 cum
1572 2591 1720 2635 reliquus

302 2637 486 2678 exercitus,
509 2642 577 2671 tum
593 2638 733 2671 maxime
749 2637 902 2671 cohortes
918 2639 1092 2671 Armeniae
1111 2639 1257 2673 studiose
1274 2643 1489 2683 receperunt,
1511 2636 1720 2680 hostiumque

302 2686 470 2725 amputata
487 2682 623 2725 capita·
614 2694 649 2715 m
667 2694 782 2716 saccos
798 2681 998 2716 indiderunt.
1045 2683 1120 2716 Dux
1137 2684 1179 2717 de
1194 2685 1316 2718 nocte·
1306 2697 1342 2718 m
1361 2689 1471 2718 castra
1485 2681 1598 2716 rediit.

391 2726 424 2759 8.
457 2727 629 2762 Postridie
645 2728 744 2762 huius
763 2727 852 2769 diei,
874 2739 947 2762 cum
972 2728 1016 2763 ab
1041 2738 1103 2763 ora
1116 2729 1202 2764 coeli
1218 2733 1354 2764 evectus
1372 2729 1490 2763 lucifer
1510 2726 1554 2761 ad
1567 2724 1636 2771 poli
1649 2724 1722 2758 for-
