1760 3034
425 150 704 193 NOMINUM
723 149 822 192 ET'
838 149 1169 195 VERBORUM.

51 281 57 284 ,
101 252 172 292 96,
192 252 228 287 5.
250 251 331 284 inde
357 253 475 288 evadit
499 253 573 288 Leo
599 252 755 298 Cur-opa-

104 297 191 330 lates
214 294 380 337 145,10.

57 342 230 377 meursius
257 343 457 379 Tractatum
483 343 527 378 de
556 344 757 379 velitatione

88 387 228 422 bellica
486 391 646 424 attribuit
689 389 757 424 Ni-

103 433 253 514 ‹lzgphoro
276 436 415 470 Phoeae
431 437 632 480 Imperatori
658 435 755 476 XIX,

58 523 208 558 michael
221 526 371 567 Burtza,
393 537 415 559 a
428 526 535 560 Petro
552 525 702 579 patricio
712 525 759 559 ad

54 597 60 601 .
103 570 348 614 explorandum
370 571 514 612 missus,
545 571 759 606 Antiochiam

104 615 239 650 invadit
261 618 327 656 81,
356 618 413 652 21.
445 617 558 659 [390,
580 618 660 660 27.]
684 628 759 650 cum

104 660 231 695 Ioanne
257 661 428 696 Tzimisce
453 662 644 707 Nicephori
668 663 759 695 Pho-

99 707 261 759 oee1.mp
273 707 407 741 medem
416 708 691 747 machinatur-85,
700 710 759 742 20.

60 751 221 791 michael,
244 753 389 786 cubiculi
409 754 614 807 praefectus,
637 754 681 786 ob
699 765 760 786 ne-

103 797 303 842 giigentiam
317 810 421 832 cansa
435 798 553 833 existit
566 798 682 833 caedis
691 798 760 832 Ni-

106 844 247 887 cephori
266 846 344 887 Aug
345 846 441 887 86,
465 846 498 879 7-

61 888 98 922 in
123 889 293 922 michaele
297 855 417 923 ugDuca
452 890 616 924 vertendo
645 889 761 935 lapsus

105 933 268 968 Bullialdi
284 933 372 976 421,
394 937 452 970 27.

0 988 1 994 ’
60 979 207 1012 Micbnel
222 980 353 1025 Glyc‘as
370 980 567 1015 emendatus
589 978 680 1021 402,
702 981 761 1017 39.

104 1023 271 1066 434,11.
301 1023 389 1066 446,
411 1027 468 1061 27.
498 1025 588 1066 457,
615 1028 668 1061 10.
699 1037 761 1059 ex-

105 1069 229 1151 {gihit
260 1071 408 1106 Leonem
444 1071 631 1106 Diaconum
672 1069 761 1115 428,

61 1161 211 1196 michael
239 1161 410 1195 Maleinus
436 1162 620 1207 patricius,
652 1161 762 1195 Nice-

107 1206 208 1252 phori
221 1208 359 1241 Phocoe
374 1208 457 1252 Imp.
473 1212 615 1252 patruus
627 1209 763 1247 83,12.

107 1252 347 1296 Cappadociae
359 1253 441 1294 dux,
459 1253 567 1297 copiis
586 1264 659 1286 cum
671 1253 763 1286 Leo-

107 1309 152 1332 ne
163 1299 278 1332 Phoc·
295 1299 483 1332 coniunctis
503 1304 621 1332 contra
636 1298 763 1331 Cham-

105 1343 251 1377 bdannm
266 1343 492 1388 proficiscitur
510 1342 664 1384 418,14.
688 1343 763 1376 eius

105 1389 415 1473 ιὶὲἓιοιιξὶέιιιοιιιοᾱο
433 1389 571 1423 Graece
593 1389 775 1423 scribatur

62 1479 210 1514 nflchael
228 1479 393 1524 patricius
402 1479 617 1524 praepositus
632 1482 668 1513 et
681 1489 763 1523 pro-

106 1525 327 1610 ffiaefigfim
337 1525 526 1570 Nicephori
534 1525 671 1559 Phocae
678 1525 763 1570 Imp.

63 1615 244 1650 Michaelis
264 1615 370 1649 Pselli
393 1615 557 1655 Annales,
580 1615 676 1660 prelo
699 1627 763 1659 pa-

110 1661 286 1695 ratixxv
290 1661 318 1701 1,
328 1663 384 1695 27.
395 1661 609 1694 continentur
625 1661 659 1693 in
677 1660 763 1694 Cod.

109 1706 220 1751 Regio
234 1708 331 1742 1712.
346 1706 475 1746 XVIII,
499 1707 557 1740 22.
579 1717 685 1750 prope
702 1717 759 1738 an-

110 1763 229 1786 norum
255 1757 387 1785 eentum
407 1751 598 1785 memoriam
617 1752 764 1795 comple-

111 1802 250 1831 ctuntur
278 1797 417 1837 XXVI,
449 1797 505 1830 30.
542 1808 599 1829 eos
623 1797 767 1839 vulgare

111 1847 278 1876 statuerat
291 1841 603 1881 combefisiusxv}
620 1843 676 1875 22.
701 1841 769 1874 Mi-

111 1887 239 1921 cliafilis
260 1887 365 1921 Pselli
385 1887 518 1920 libellus
542 1888 679 1919 Graece
695 1886 771 1919 ine-

111 1933 203 1966 ditus
231 1933 284 1966 De
312 1932 527 1977 opinionibus
558 1932 769 1966 Graecorum

113 1979 206 2012 circa
221 1978 399 2012 daemones
413 1977 501 2017 464,
528 1979 582 2012 17.

68 2023 218 2059 michael
243 2025 391 2064 [lect-or,
424 2023 587 2066 magistet
612 2026 648 2055 et
672 2022 769 2066 logo-

110 2069 207 2103 theta
234 2080 354 2103 cursus
379 2068 529 2121 publici,
560 2068 702 2120 collega.
714 2068 768 2101 Io-

112 2114 210 2168 sephi
235 2114 436 2148 cubicularii
468 2113 507 2147 in
531 2113 770 2159 procuratione

112 2159 202 2204 impe
204 2160 247 2193 rii
265 2159 356 2201 427,
379 2160 438 2195 35.

69 2171 216 2238 Michael
231 2205 448 2249 Rhaugabes,
472 2203 531 2249 qui
548 2202 717 2249 posthac
706 2215 769 2236 ιιιι-

114 2251 270 2294 pei-avit,
325 2250 534 2295 expeditioni
577 2248 768 2293 Nicephori

113 2296 202 2381 1413.
223 2295 291 2375 ἑῖ
290 2301 407 2329 contra
432 2295 602 2339 Bnlgaros
627 2294 771 2328 interest

70 2386 295 2438 Miepbarcim
319 2385 513 2429 oppidum
503 2397 539 2418 ιιι
560 2384 770 2418 deditionem

115 2431 244 2517 accipit
282 2430 424 2464 Ioannes
460 2430 648 2465 Tzimisces
687 2430 768 2475 Imp.

73 2521 183 2556 Mileti
204 2521 386 2566 episcopus
408 2521 446 2554 S.
465 2520 681 2574 hncephorus
699 2531 770 2553 am-

117 2567 206 2611 bigit
222 2578 296 2601 cum
310 2566 586 2619 procuratoribus
602 2567 686 2599 fisci
691 2564 771 2606 455,

118 2611 176 2648 43.
199 2613 266 2646 iter
291 2611 376 2645 facit
404 2611 447 2644 ad
465 2612 622 2645 Ioannem
638 2612 772 2646 'lzimi-

119 2659 310 2702 scemlmp.
327 2655 418 2696 456,
439 2658 495 2692 25.
540 2657 625 2690 Vide
644 2667 773 2702 quoque

119 2703 264 2737 launi-rr
284 2711 510 2735 scswronss.

76 2739 206 2783 Minu.
230 2747 372 2783 nomui
411 2758 434 2782 a
459 2746 657 2793 Μαρια.»
689 2746 771 2793 Imp.

1405 143 1503 189 601

854 251 952 286 varie
976 251 1154 286 exercitati
1178 252 1245 292 50,
1265 252 1323 287 21.
1352 252 1421 291 53,
1451 252 1510 288 23.

855 309 972 331 eorum
988 309 1080 331 amor
1097 297 1132 330 in
1148 297 1377 340 Nicephorum
1393 296 1451 338 44,
1477 299 1509 332 1.

855 342 980 377 milites
998 342 1142 379 Romani
1156 343 1192 376 in
1216 343 1346 376 honore
1362 342 1510 376 habendi

811 417 816 420 ,
855 389 924 424 239
935 413 947 428 ,
971 390 1027 423 10.
1053 388 1112 433 qui
1128 392 1250 422 contm
1266 387 1431 422 interdum
1446 400 1512 422 va-

856 434 1021 478 pulabant
1045 435 1088 467 ab
1107 433 1324 468 exactoribus
1337 435 1429 474 239,
1450 435 1510 469 23.

811 478 950 513 circiter
964 478 1076 512 Millia
1099 479 1252 523 quinque
1277 478 1511 513 sclavinorum

857 523 1133 558 'rhemlonioen
1284 523 1294 531 ’
1342 529 1398 557 tur
1419 535 1511 558 saec.

858 581 910 603 vr.
929 575 1094 613 vergente
1108 571 1198 609 508,
1218 568 1277 605 24.

812 615 1013 650 miraculum
1033 615 1191 648 effecum
1213 614 1252 648 in
1267 613 1414 658 imagine
1429 613 1511 648 Ser-

857 661 989 694 vatoris
1006 660 1128 703 Beryti
1149 661 1236 700 166,
1256 657 1316 695 24.
1465 664 1470 666 ’

814 706 968 740 mistum
1006 717 1028 739 a
1057 705 1240 739 Saracenis
1278 703 1514 739 effide-nibus

859 752 999 785 obsessa
1011 749 1092 791 241,
1117 753 1172 786 16.
1188 750 1437 795 orthographia
1448 751 1512 784 1111-

857 796 912 830 ius
929 796 1070 830 nominis
1088 797 1179 837 516,
1199 797 1235 830 3.

814 853 837 876 a
847 842 1041 875 Moametlxe
1058 841 1200 875 credun
1187 853 1245 875 „ur
1254 841 1440 874 Cretenses
1452 852 1513 874 ac·

860 887 992 931 cepisse
1008 886 1183 920 scientiam
1198 886 1365 930 magiam
1379 886 1437 926 24,
1454 888 1516 922 21.

860 932 1011 986 gladium
1019 932 1233 971 Moametbis,
1249 933 1286 965 in
1301 931 1515 965 arcePalae-

835 978 970 1012 stione
987 984 1135 1022 mptum,
1159 977 1234 1021 regi
1251 977 1411 1011 Afrorum
1426 977 1517 1011 dono
1557 999 1562 1002 -

860 1023 965 1056 mittit
980 1023 1198 1067 Nicephorus
1215 1022 1348 1055 Phocas
1368 1023 1493 1063 76,1.

816 1068 972 1104 Moesiae
1011 1069 1210 1102 mentionem
1257 1068 1392 1111 quando
1432 1067 1518 1101 facit

860 1114 933 1147 Leo
951 1113 1145 1155 Diaconos,
1167 1124 1228 1146 cur
1244 1113 1405 1146 turbetur
1420 1113 1519 1152 xlv,

865 1158 920 1194 14.
954 1158 1087 1192 Moesia
1113 1159 1175 1191 sub
1201 1157 1424 1192 Constantino
1450 1159 1518 1192 Po—

862 1209 989 1255 gonnto
1013 1214 1036 1236 3
1059 1203 1219 1247 Bulgaris
1245 1208 1414 1247 occupata
1438 1204 1517 1244 103,

862 1251 920 1284 21.
945 1260 1043 1292 qnam
1063 1249 1113 1281 eis
1140 1248 1297 1282 concedit
1310 1248 1518 1301 lastinianus

862 1295 909 1328 11.
934 1294 1172 1327 Rhinotmetus
1191 1291 1278 1333 104,
1300 1295 1336 1328 2.
1358 1293 1395 1326 in
1418 1293 1517 1327 Moe-

862 1340 936 1374 siae
953 1339 1118 1383 angustiis
1134 1338 1264 1372 Graeci
1280 1349 1385 1383 saepe
1401 1338 1518 1372 33111-

862 1385 957 1429 garis
989 1384 1034 1418 ad
1060 1384 1323 1418 internecionem
1355 1383 1519 1418 trucidati

863 1432 931 1470 63,
953 1431 986 1464 2
1012 1429 1205 1464 Moesorum
1223 1429 1328 1474 legati
1353 1429 1517 1462 tributum

863 1455 1007 1520 exi’gunt
1030 1486 1053 1508 a
1079 1475 1274 1518 Nicephoro
1297 1474 1415 1510 Phoc·
1431 1473 1516 1527 Imp.

861 1522 1016 1562 61,12.
1048 1521 1092 1554 de
1128 1519 1261 1554 Moesia
1293 1517 1431 1553 vastata
1460 1519 1516 1553 in-

862 1566 989 1610 telligit
1014 1565 1064 1599 Le
1082 1565 1176 1599 Bean
1195 1565 1409 1609 proverbium
1432 1566 1521 1600 Μυ-

863 1613 938 1646 σῶν
966 1613 1043 1646 λεία
1069 1611 1158 1652 408,
1179 1610 1238 1646 34.
1281 1611 1368 1645 Vide
1391 1620 1519 1656 quoque

861 1657 1039 1701 Balgatia.

818 1714 1027 1754 Monachus,
1072 1714 1114 1745 ut
1156 1710 1273 1753 aiunt,
1320 1712 1518 1767 Nicephoro

866 1760 1002 1793 Phocae
1026 1758 1111 1801 Imp·
1131 1757 1232 1790 finem
1258 1757 1293 1791 in
1309 1757 1466 1803 palatio
1455 1769 1518 1792 un-

866 1805 994 1839 minere
1029 1802 1205 1856 praedixit
1239 1802 1520 1845 64,14.311113

867 1850 1046 1884 monachus
1089 1847 1239 1893 Niceph.
1280 1849 1384 1883 Phoc.
1425 1848 1523 1902 Imp,

868 1896 998 1929 tradita
1017 1893 1180 1937 epistola,
1204 1893 1248 1927 (le
1271 1893 1524 1944 conspiratione

868 1945 982 1975 monet
1017 1940 1086 1978 83,
1121 1941 1152 1974 1.
1186 1934 1387 1981 1303311133,
1418 1951 1523 1984 super

868 1986 1052 2020 columnam
1077 1983 1115 2017 in
1139 1983 1352 2029 Eutropiano
1376 1990 1524 2019 aetatem

869 2031 1018 2076 degens,
1042 2029 1141 2064 undis
1159 2041 1287 2064 mersus
1305 2032 1391 2072 176,
1415 2032 1471 2066 10.

823 2087 1036 2122 Monasteria
1060 2082 1166 2123 πῖν’
1164 2087 1372 2133 Ερεβίνθου
1395 2091 1433 2121 et
1455 2086 1526 2123 τοῦ

870 2134 999 2176 Ξηροῦ
1016 2133 1220 2177 Χωραφίου
1244 2144 1267 2167 a
1291 2133 1328 2166 S.
1347 2133 1522 2176 Nicepho-

870 2190 931 2220 ro,
956 2179 1070 2213 Mileti
1089 2178 1268 2232 episcppo.
1291 2178 1426 2212 condita
1442 2177 1524 2216 456,

870 2225 927 2260 39.
958 2224 995 2258 iu
1014 2223 1217 2260 monasterio
1241 2223 1378 2267 Pelamy
1382 2222 1460 2255 dum
1484 2232 1524 2255 se

870 2269 1048 2304 abscondit
1079 2270 1151 2303 Leo
1185 2268 1427 2312 curopalates,
1466 2276 1523 2299 res

871 2326 977 2349 novas
1002 2315 1140 2350 moliens
1163 2315 1250 2354 145,
1270 2316 1328 2348 21.
1358 2313 1432 2345 eius
1451 2322 1523 2345 mo-

871 2361 1015 2395 casterii
1047 2371 1167 2395 nomen
1199 2358 1360 2411 quomodo
1387 2357 1525 2389 Graece

870 2406 1040 2441 scribatur
1059 2404 1219 2446 482,19.
1239 2403 1273 2437 in
1291 2400 1525 2436 monasterium

872 2451 916 2486 ad
935 2451 1176 2486 Scamandrum
1201 2449 1399 2482 mandatur
1422 2445 1526 2479 Basi-

871 2497 939 2531 lius
964 2497 1160 2548 patriarcha
1199 2493 1524 2534 163‚18.mona-

873 2542 1011 2576 sterium
1026 2540 1151 2583 studii,
1170 2538 1257 2572 unde
1274 2536 1441 2572 Antonius
1460 2546 1525 2581 pa-

871 2587 1023 2622 triarcha
1046 2585 1132 2624 164,
1156 2585 1187 2619 7

826 2641 1056 2686 Marciorum.
1094 2642 1110 2673 1
1116 2642 1178 2674 ide
1198 2636 1367 2674 monialis.

827 2698 996 2743 1113νέρια
1024 2698 1058 2731 in
1086 2697 1196 2732 classe
1227 2693 1362 2731 loanni·
1396 2691 1527 2730 Tsimi-

875 2757 954 2780 scse
972 2745 1058 2784 129,
1082 2743 1136 2778 17.
