1760 3034
367 135 427 177 ΙΝ
453 134 771 178 THEODOSII
796 134 1103 180 ACROASES.
1371 127 1473 178 555

25 237 196 290 phorum
214 237 457 276 Theodosius
472 238 589 277 modo
613 244 778 277 enarrat.
833 238 1056 280 Verisimile
1074 244 1132 276 est
1150 245 1292 289 tamen,
1321 240 1365 279 id
1385 253 1469 279 non

24 306 185 344 prorsus
203 294 254 331 ad
273 294 573 332 assentationem
589 293 805 346 Nicephori
817 308 840 332 a
856 299 972 347 poeta
989 294 1107 333 fuisse
1124 295 1326 347 scriptum,
1346 310 1472 348 quum

23 348 204 387 Incertus
235 350 497 388 continuator
525 349 774 402 Theophanis
809 350 854 389 in
882 350 1049 390 Romani
1072 350 1243 389 iunioris
1259 352 1341 390 vita
1358 366 1468 391 num.

23 405 94 442 XI.
118 418 207 457 pag.
230 409 323 448 298.
353 405 620 457 Nicephorum
651 406 698 444 ab
715 406 901 456 Agarenis
930 406 1228 446 reformidatum
1252 406 1399 446 scribat
1417 409 1470 446 ob

25 459 115 498 eius
125 459 199 512 τήν
217 460 409 514 διέγερσιν
427 462 494 501 καὶ
512 459 689 511 σύνεσιν,
717 462 785 502 καὶ
804 460 878 514 τὴν
900 461 998 515 πρὸς
1017 461 1119 503 Θεὸν
1139 464 1290 511 πίστιν,
1317 463 1386 503 καὶ
1403 465 1468 504 δι-

23 514 242 567 καιοσύνην
251 549 265 566 ,
303 518 467 569 vigilem
493 518 748 570 solertemque
782 521 984 568 animum,
1010 517 1216 571 fidemque
1248 522 1293 558 in
1319 521 1468 569 Deum,

25 579 62 609 et
87 574 302 610 iustitiam.
926 617 928 621 μ

138 631 204 670 62.
234 627 314 668 Καὶ
330 627 373 668 σὲ
395 625 622 682 προβάλλει]
652 629 776 679 Rogat
800 630 924 668 Deum
944 629 1200 681 Nicephorus,
1227 637 1274 668 ut
1290 630 1333 668 in
1353 631 1461 670 obse·
1485 629 1527 663 Ρ-
1549 629 1617 665 379

24 683 159 734 quium
191 683 402 723 Christiani
428 685 570 735 populi
603 686 848 723 Cretensium
879 691 1007 724 turres
1037 692 1078 723 et
1112 686 1267 724 moenia
1298 686 1468 738 deficiat,
1493 676 1566 710 0⁰¹·
1587 677 1606 710 1

0 751 1 758 ¹
24 738 351 790 quemadmodum
382 754 456 792 pro
485 741 670 778 Hebraeis
704 741 747 778 in
788 742 1074 792 expugnatione
1102 742 1227 780 Ierico
1257 742 1308 780 ad
1333 756 1470 794 preces

22 794 139 833 Iosue
162 795 268 834 fecit.
324 795 412 836 Vid.
431 796 506 834 Ios.
532 810 618 848 cap.
638 810 702 843 w,
730 810 806 848 qua
840 797 887 835 de
905 811 948 836 re
975 804 1015 835 et
1037 798 1130 835 Dux
1150 797 1347 848 gloriosus
1366 799 1470 838 Deus

23 851 254 904 appellatur.

136 907 203 949 64.
230 903 388 958 Αὐτῶν]
415 907 471 945 Ita
495 908 651 958 Codex,
678 921 758 946 non
786 904 935 960 αὐτὴν,
962 914 1008 945 ut
1025 908 1068 945 in
1089 908 1261 947 editione
1283 909 1471 960 Cornelii,

24 963 95 1015 qui
111 969 243 1001 tamen
261 963 320 1001 sic
337 964 621 1002 emendandum
640 977 721 1002 esse
740 970 956 1002 notaverat.

134 1022 201 1061 67.
229 1021 370 1068 Δεῖξον
389 1019 538 1071 Πέτρος
554 1020 625 1070 τίς]
656 1021 785 1070 Pergit
812 1019 1058 1071 Nicephorus
1077 1019 1201 1058 Deum
1228 1021 1390 1072 precari,
1423 1027 1468 1061 ut

22 1075 199 1127 potentia
225 1088 294 1112 sua
322 1075 512 1124 ostendat,
544 1077 629 1126 quis
649 1076 699 1114 sit
719 1077 856 1114 Petrus
878 1076 1101 1127 Apostolus,
1123 1075 1366 1115 Christianae
1386 1077 1468 1114 Ec-

25 1131 164 1168 clesiae
180 1130 282 1168 basis
301 1137 339 1168 et
354 1131 663 1181 fundamentum,
682 1138 719 1169 et
733 1132 820 1181 quis
838 1132 982 1182 impius
994 1131 1199 1180 Moametb,
1216 1133 1467 1171 Saracenicae

26 1187 316 1238 superstitionis
344 1193 502 1236 auctor,
532 1201 647 1238 quem
670 1187 767 1225 dicit
787 1187 968 1224 falsitatis
984 1187 1209 1224 convictum
1228 1188 1275 1224 ab
1293 1189 1376 1239 ipsa
1393 1201 1464 1226 sua

26 1242 262 1291 calliditate3
294 1255 383 1280 cum
405 1243 519 1291 enim,
540 1250 588 1281 ut
604 1243 798 1282 Hebraeos
818 1242 1141 1281 sibiconciliaret
1157 1249 1196 1280 et
1213 1243 1467 1295 Christianos,

23 1298 231 1348 utriusque
251 1298 378 1349 Legis,
405 1299 547 1337 veteris
566 1298 752 1337 nimirum
780 1312 826 1336 ao
844 1303 970 1336 novae
982 1327 993 1347 ,
1012 1304 1215 1349 praecepta
1239 1298 1468 1338 immiscue-

22 1353 100 1402 rit,
127 1354 288 1391 asseclas
322 1367 413 1391 suos
441 1354 643 1405 utriusque
675 1355 785 1404 Legis
811 1360 1114 1404 transgressores
1135 1353 1277 1392 effecit.
1333 1355 1468 1405 Itaque

23 1409 252 1460 permissam
278 1409 463 1447 Hebraeis
503 1411 765 1462 polygamiam
794 1410 1034 1455 concedens,
1078 1409 1321 1447 Christianos
1347 1411 1396 1447 ad
1425 1424 1469 1448 se

26 1464 249 1503 deficientes
271 1466 364 1503 fecit
387 1466 664 1514 fornicatores,
693 1472 732 1504 et
755 1467 898 1504 docens
928 1479 1019 1503 cum
1042 1464 1270 1503 Christianis
1298 1467 1467 1504 vetitum

25 1534 108 1559 non
142 1534 223 1559 esse
250 1522 430 1559 omnibus
452 1522 634 1560 carnibus
652 1522 775 1570 vesci,
805 1521 1000 1559 Hebraeos
1017 1533 1201 1571 sequaces
1220 1534 1310 1558 suos
1329 1521 1466 1559 docuit

25 1583 281 1628 praeceptum
298 1577 516 1627 transgredi
538 1578 592 1615 eis
623 1578 772 1626 datum,
798 1591 847 1615 ne
864 1577 1096 1615 camelorum
1122 1589 1239 1614 carne
1257 1589 1468 1615 vesceren-

27 1639 116 1680 tur,
151 1632 271 1671 Levit.
299 1646 383 1684 cap.
411 1630 525 1671 xn'v.
545 1634 583 1675 4.
604 1634 760 1674 Denter,
787 1647 869 1684 cap.
898 1646 982 1670 xw.
1003 1645 1043 1674 v.
1062 1636 1103 1674 7.
1150 1632 1303 1670 Videsis
1334 1632 1464 1671 erudi-

28 1694 115 1724 tum
152 1694 348 1725 auctorem
377 1688 517 1738 Siphra
544 1689 587 1725 in
619 1690 832 1726 Leviticum
864 1702 948 1739 cap.
972 1702 1032 1725 111.
1059 1694 1097 1724 et
1116 1701 1170 1725 1v.
1199 1689 1243 1725 in
1279 1687 1464 1728 Thesaur.

29 1743 185 1793 Ugolini
216 1743 326 1781 Tom.
349 1743 452 1782 XIV.
471 1758 510 1795 P·
536 1748 656 1786 1000.
691 1745 831 1782 Narrat
861 1744 1057 1781 Cedrenus
1081 1743 1230 1781 Histor.
1254 1744 1466 1796 Compend.

29 1811 115 1851 pag.
142 1800 244 1847 421,
276 1799 487 1846 Hebraeos,
518 1799 586 1850 qui
611 1799 819 1836 Mosaicam
850 1800 988 1848 Legem
1022 1799 1238 1837 deserentes
1258 1799 1469 1837 Moamethi

31 1854 303 1903 adhaeserant,
333 1855 409 1892 rati
439 1868 525 1891 eum
557 1868 637 1892 esse
665 1855 863 1904 Messiam‚
892 1860 1097 1906 postquam
1126 1855 1304 1892 carnibus
1330 1855 1468 1892 cameli

27 1912 134 1949 vesci
150 1910 308 1948 solitum
328 1917 628 1961 conspexerunt,
661 1924 746 1948 eum
763 1924 843 1948 non
861 1923 940 1948 esse
958 1910 999 1946 id
1020 1910 1125 1960 quod
1143 1910 1294 1961 opinati
1312 1911 1469 1950 fuerant

29 1966 206 2005 sensisse.
262 1966 451 2004 Fortassis
470 1965 712 2003 Theodosius
736 1966 785 2003 ad
807 1965 909 2003 hanc
928 1965 1052 2016 ipsam
1076 1965 1216 2003 alludit
1232 1979 1327 2006 rem.

140 2026 206 2064 79.
243 2018 389 2072 Ῥώμης
415 2021 619 2072 infigo-[ov]
658 2023 770 2059 Creta
811 2023 984 2059 Romano
1018 2022 1186 2072 Imperio
1227 2022 1359 2073 paruit
1395 2035 1468 2060 us-

32 2089 108 2128 que
131 2077 180 2115 ad
208 2077 434 2115 Michaelem
465 2078 646 2122 Balbum,
674 2091 750 2128 quo
771 2078 987 2129 imperante
1006 2090 1027 2114 a
1043 2077 1246 2115 Saracenis
1267 2084 1380 2130 capta
1396 2084 1467 2124 est,

34 2133 274 2170 occasionem
296 2134 391 2184 ipsis
413 2133 652 2184 potissimum
668 2134 877 2184 praebente
892 2132 1040 2170 Thoma
1059 2133 1239 2183 quodam,
1257 2135 1324 2185 qui
1339 2148 1360 2172 a
1380 2147 1468 2172 san.

35 2194 98 2225 cta
117 2187 424 2226 Christianorum
442 2189 519 2227 fide
537 2189 764 2237 desciscens,
794 2187 1089 2226 Moamethicam
1105 2196 1246 2227 sectam
1262 2190 1466 2241 amplexus

35 2250 128 2281 erat
181 2244 331 2282 videsis
351 2244 566 2283 Cedrenum
581 2244 702 2293 fusius
726 2246 774 2283 de
794 2244 871 2283 hoc
890 2250 1065 2296 agentem
1083 2244 1232 2284 Histor.
1253 2245 1466 2298 Compend.

34 2312 122 2351 pag.
139 2298 233 2342 499.
263 2305 301 2337 et
318 2313 424 2351 seqq.

146 2357 212 2396 80.
243 2353 506 2406 Παρερπύσας
532 2353 669 2407 ῧκνος]
699 2355 758 2393 Ob
778 2355 966 2394 desidiam
987 2363 1090 2395 certe
1111 2357 1350 2396 Graecorum
1369 2362 1468 2392 tam-

37 2410 107 2448 diu
131 2411 243 2448 creta
273 2411 344 2448 sub
364 2411 455 2460 iugo
478 2413 756 2449 Saracenorum
775 2412 976 2462 ingemuit.
1032 2413 1173 2451 Classis
1193 2413 1295 2451 enim
1318 2411 1468 2462 abipso

36 2466 225 2504 Michaele
250 2466 368 2503 Balbo
403 2479 447 2504 eo
466 2467 581 2506 missa
605 2468 713 2505 Duce
743 2468 900 2506 Cratero
926 2469 1251 2520 Cabyraeotarum
1270 2467 1468 2518 praefecto

38 2522 134 2559 adeo
153 2522 318 2560 feliciter
334 2522 518 2560 barbaros
540 2523 656 2571 fudit,
678 2529 724 2561 ut
744 2524 897 2562 Cretam
916 2525 1029 2562 facile
1048 2528 1340 2575 recuperassent
1352 2551 1365 2571 ‚
1394 2520 1471 2559 nisi

39 2578 204 2616 victoria
227 2578 319 2615 elati
347 2578 508 2626 milites,
545 2579 777 2618 adventante
794 2586 929 2629 nocte,
960 2579 1313 2632 compotationibus
1337 2589 1382 2614 ae
1409 2577 1472 2615 lu-

40 2633 166 2670 xuriis
194 2646 274 2671 sese
299 2634 599 2683 immersissent,
626 2648 676 2672 ex
695 2649 772 2686 quo
797 2636 943 2673 factum
963 2642 1040 2684 est,
1069 2642 1116 2672 ut
1135 2647 1272 2672 somno
1300 2633 1475 2683 vinoque

43 2701 260 2740 oppressos,
271 2689 428 2728 barbari
441 2690 570 2728 subito
589 2691 718 2728 adorti
736 2704 801 2730 eos
814 2692 906 2741 sint,
918 2698 955 2729 et
970 2703 1090 2739 usque
1104 2690 1153 2727 ad
1170 2689 1474 2728 internecionem

45 2744 214 2796 turpiter
236 2745 543 2798 profligaverint.
583 2745 752 2786 Consule
773 2747 990 2786 Cedrenum
1002 2746 1102 2783 nist.
1119 2746 1256 2798 Comp.
1275 2758 1359 2797 pag.
1380 2745 1474 2787 511·
