1722 3042
243 158 340 190 χχιι
819 149 870 195 C.
897 150 944 193 B.
972 147 1124 193 HASII

248 258 398 307 ditum,
428 254 677 295 conservavit
706 253 822 293 nobis
848 265 951 291 unus
977 252 1138 291 omnino
1168 251 1302 291 Codex
1327 250 1592 291 Bibliothecae
1609 251 1692 290 Re·-

246 327 350 377 giae,
381 325 553 376 signatus
580 323 691 375 prius
717 322 790 361 No.
821 323 942 364 2561.
972 333 1083 358 nunc
1106 322 1232 363 1712.
1257 320 1352 358 olim
1379 319 1423 358 in
1449 318 1702 371 supellectile.

245 393 438 433 litteraria
454 390 664 444 Raphaelis
683 388 857 427 Tricheti
876 388 930 426 du
947 387 1112 426 Fresne:
1142 387 1211 439 qui
1227 387 1416 426 causidici
1433 380 1705 438 Burdigalen-f'

248 461 302 512 sis
319 460 437 509 filius,
472 472 562 497 cum
581 470 720 508 magno
743 455 956 508 duceretur
981 454 1174 494 librorum
1191 454 1523 507 acquirendorum
1546 453 1677 493 studio

247 527 458 580 Hispanias
488 526 719 575 Italiamque
746 522 867 561 semel
904 528 943 560 et
974 522 1126 574 saepius
1153 530 1342 574 regnante
1364 521 1568 562 Ludovico
1586 520 1682 559 XIII

248 595 353 645 Rege
386 592 713 631 Christianissimo
740 590 797 629 sic
829 590 1000 639 obierat,
1028 595 1092 639 ut,
1121 588 1309 642 inspectis
1322 590 1467 642 passim
1486 588 1650 628 hominu

248 661 527 703 historicorum
560 658 753 707 librariis,
792 657 999 709 propriam
1029 656 1308 696 bibliothecam
1331 657 1575 710 locupletare
1599 655 1703 694 inde>

253 735 473 767 conaretur.
529 727 567 766 Is
587 741 637 765 ex
654 725 767 764 Italia
782 724 892 763 hunc
914 724 1096 764 Codicem
1114 725 1158 763 in
1176 725 1343 764 Galliam
1364 723 1609 778 deportavit,
1637 729 1656 761 t

251 803 379 834 stante
398 794 628 834 Combefisio
651 793 798 843 Origin.
819 793 931 844 Cpol.
953 793 1048 835 265.
1067 793 1111 832 Β.
1161 792 1325 842 Deinde,
1351 804 1442 832 cum
1461 792 1545 832 vita
1564 802 1680 829 exces

248 864 361 902 sisset
388 862 614 910 TrichetuS,
642 861 673 901 Ι.
699 861 742 899 Β.
762 860 986 910 Colbertus‚
1017 853 1222 898 Ludovico
1246 861 1349 899 XIV.
1376 860 1517 912 Magno
1550 859 1599 898 ab
1626 855 1695 897 in-

250 931 358 969 timis
386 929 561 969 consiliis
589 935 627 967 et
652 927 841 979 generalis
871 926 1009 964 aerarii
1039 926 1284 977 moderator,
1324 927 1437 966 cuius
1463 925 1696 965 immortalis

250 997 355 1037 vivit
383 998 570 1048 vivetque
602 997 651 1034 ob
682 993 872 1034 beneficia
893 994 933 1032 in
953 994 1119 1032 Galliam
1137 995 1279 1034 collata
1297 995 1505 1045 memoria,
1535 993 1636 1033 emit
1646 992 1698 1032 de

251 1064 372 1103 vidua
390 1064 433 1102 in
449 1063 807 1114 Bibliothecamque
816 1063 971 1114 Regiam
986 1062 1123 1100 intulit
1140 1076 1255 1101 omne
1271 1062 1447 1101 Tricheti
1459 1061 1698 1101 litterarium

252 1130 568 1169 instrumentum.
614 1131 661 1169 In
681 1145 758 1182 quo
778 1137 890 1169 crant
913 1129 1007 1169 libri
1026 1130 1204 1181 impressi
1220 1143 1387 1168 numero
1405 1129 1579 1182 plurimi,
1608 1141 1699 1178 ,¹³⁸³-

254 1197 389 1234 Latini·
415 1203 454 1235 et
471 1196 599 1235 Italici
617 1197 707 1249 plus
724 1198 855 1236 minus
880 1199 922 1235 C.
943 1197 1083 1236 Graeci
1101 1198 1184 1236 XL.
1238 1197 1375 1249 Itaque
1389 1197 1434 1234 in
1454 1194 1631 1235 Biblioth

126 1271 167 1305 P.
190 1271 235 1303 XI
257 1263 418 1316 publica
457 1264 630 1302 collatus«
653 1265 787 1303 Codex
814 1272 971 1315 noster,
1010 1264 1236 1315 Ducangio,
1262 1264 1482 1314 Bandinio,
1519 1264 1701 1316 reliquis,

257 1343 356 1382 quos
375 1331 486 1369 initio
502 1331 714 1379 nominavi,
741 1333 928 1372 innotuit.
975 1331 1139 1370 Constat
1154 1345 1248 1370 vero
1268 1331 1375 1370 foliis
1395 1331 1679 1371 membranacei

256 1398 363 1448 422,
393 1398 608 1437 chartaceis
637 1405 749 1449 octo,
791 1399 996 1437 continens
1025 1405 1182 1451 praeter
1213 1398 1288 1437 alia
1312 1399 1478 1439 minoris
1512 1413 1670 1439 momen
1689 1398 1700 1409 ⁸

256 1463 352 1517 (vid.
366 1465 484 1502 Catal.
500 1465 622 1505 codd.
643 1479 733 1505 mss.
751 1467 911 1504 Graece.
923 1466 1022 1504 Bibl.
1036 1466 1183 1517 RngI.
1204 1469 1298 1509 391.
1316 1464 1378 1519 D.)
1397 1467 1484 1506 illa:
1503 1465 1559 1520 1.)
1579 1467 1684 1507 Cbro

255 1531 377 1569 nicon
411 1532 598 1570 Simeonis
628 1533 862 1585 Logothetae
893 1533 1063 1571 maxima
1097 1539 1210 1585 parte
1237 1533 1448 1584 ineditum,
1474 1527 1509 1572 'a
1544 1535 1618 1586 fol.x
1648 1535 1705 1578 18

257 1611 367 1637 verso
399 1598 449 1636 ad
477 1599 547 1638 sol.
576 1603 659 1642 272
687 1608 862 1649 rectum5
901 1599 957 1652 2.)
988 1600 1128 1639 Leonis
1154 1600 1318 1639 Diaconi
1336 1601 1572 1652 Historiam,
1603 1614 1703 1654 quae

256 1677 365 1702 nunc
381 1665 537 1716 prodit,
566 1680 588 1703 a
604 1667 672 1706 fol.
693 1671 775 1711 272
792 1675 894 1706 recto
916 1668 965 1706 ad
989 1670 1073 1711 322
1091 1675 1261 1717 rectum5
1290 1665 1347 1721 3.)
1365 1668 1570 1708 Michaelis
1586 1668 1703 1709 Pselli

259 1730 619 1784 Chronographiam
648 1735 767 1773 tomis
800 1749 961 1786 novem,
990 1735 1084 1773 item
1114 1735 1335 1786 ineditam„
1352 1750 1372 1774 a
1394 1737 1463 1776 fol.
1484 1740 1568 1781 322
1596 1745 1702 1776 recto

259 1798 309 1836 ad
330 1798 413 1841 422
427 1807 585 1839 rectum.
641 1801 852 1841 Exaratum
882 1816 963 1841 esse
989 1802 1024 1841 si
1045 1802 1172 1841 minus
1188 1816 1246 1842 XI.
1265 1808 1304 1841 at
1336 1809 1441 1842 certe
1461 1817 1536 1843 xu-
1560 1817 1702 1844 saecu-

259 1866 300 1903 lo
319 1866 445 1903 forma
476 1866 696 1906 litterarum
730 1870 993 1919 demonstrat,
1020 1869 1126 1908 haud
1155 1869 1420 1908 absimilisilli
1446 1884 1563 1922 quam
1583 1872 1702 1911 Mon-

259 1931 491 1970 tesalconius
520 1934 687 1983 protulit
710 1935 907 1987 Palaeogr.
930 1938 1066 1975 Graec.
1088 1940 1182 1980 291.
1212 1937 1285 1975 Νο.
1306 1937 1391 1975 VII.
1422 1937 1609 1988 utigitur
1626 1952 1705 1978 ne·-

261 1999 382 2036 sciam
402 1999 497 2049 quid
517 1999 559 2036 in
570 2007 739 2039 mentem
756 2003 909 2041 venerit
928 2001 1215 2042 confectoribus
1233 2000 1408 2054 catalogi
1422 2004 1523 2046 Bibl.
1545 2004 1714 2057 RngLav

260 2069 356 2109 391.
376 2067 416 2103 C.
444 2066 583 2116 dicere,
615 2081 702 2106 eum
724 2071 877 2108 saeculo
897 2070 1046 2109 decimo
1070 2070 1208 2122 quinto
1225 2069 1353 2109 videri
1379 2071 1594 2124 scriptum:
1621 2073 1710 2112 nisi?

261 2132 306 2171 id.
335 2133 383 2171 de
408 2133 456 2171 iis
486 2134 680 2173 duntaxat
705 2136 923 2188 intelligas,
954 2138 1115 2190 quaein
1145 2144 1234 2176 octo
1265 2137 1371 2176 foliis
1402 2137 1616 2178 chartaceis
1649 2125 1712 2187 ang

260 2333 343 2373 bris
364 2348 462 2373 saec.
477 2348 550 2375 xn.
571 2338 760 2387 peraratis
779 2351 861 2377 esse
882 2340 1024 2390 solent,
1052 2346 1098 2378 ut
1117 2339 1304 2378 videlicet
1320 2354 1338 2380 ε
1359 2346 1398 2379 et
1415 2355 1475 2391 αι,
1504 2356 1531 2393 η
1552 2355 1567 2381 ι
1584 2347 1626 2380 et
1645 2331 1709 2393 8⁸„ss

264 2415 286 2440 ο
309 2406 348 2438 et
366 2415 418 2451 ω,
448 2416 486 2441 οι
506 2408 544 2439 et
559 2418 604 2451 v,
633 2404 786 2455 saepius
807 2406 911 2444 inte1
929 2420 970 2444 se
995 2407 1308 2455 confundantur,
1336 2421 1464 2459 neque
1485 2408 1541 2446 ita
1569 2422 1660 2447 ram

263 2467 339 2514 sit,
369 2467 426 2515 εἰς
455 2465 530 2520 τήν
557 2470 624 2509 sol.
650 2472 732 2514 315
763 2479 864 2510 recto
900 2472 986 2525 (ed.
1014 2474 1080 2516 95.
1105 2472 1171 2533 C.)
1211 2474 1401 2526 scriptum
1429 2475 1607 2528 conspici
1630 2475 1703 2527 sic,

262 2529 379 2585 ἥςήν.
437 2534 639 2575 Eiusmodi
669 2539 809 2576 menda
843 2541 977 2579 notavi
1003 2540 1224 2580 interdum:
1255 2543 1513 2594 plerumque,
1543 2543 1702 2595 quando

264 2599 364 2637 nihil
382 2600 595 2653 habebant,
626 2605 730 2656 quod
751 2605 868 2645 fidem
891 2614 1071 2660 receptae
1088 2609 1270 2647 lectionis
1294 2609 1528 2648 labefactare
1553 2615 1701 2662 posset,

266 2666 391 2705 omisi.
446 2670 493 2707 In
519 2683 669 2709 summa
693 2673 841 2722 fateor,
868 2688 950 2713 non
981 2675 1168 2713 maiorem
1192 2689 1255 2714 me
1272 2676 1446 2715 laborem
1472 2676 1708 2729 suscepisse,

267 2745 382 2782 quam
399 2747 462 2773 eos
483 2739 676 2777 sustinere
694 2753 850 2779 necesse
867 2747 946 2791 est,
976 2742 1045 2793 qui
1066 2742 1206 2782 Codice
1235 2756 1285 2781 ex
1313 2743 1434 2783 unico
1456 2743 1630 2797 pendent
1657 2744 1710 2794 inv
