1754 2996
278 71 395 151 ‘486
700 109 748 153 c.
777 110 822 152 B.
852 106 1003 151 HAsn
1029 107 1232 152 NOTAE

298 211 509 266 ποιητικήν
530 208 693 266 φεύγειν
710 212 778 253 καὶ
797 228 894 266 παρ
882 209 1122 262 τξελαύνειν,
1150 223 1267 250 sensu
1281 224 1446 264 prorsus
1466 211 1623 250 diverso
1641 224 1737 250 ver-

296 271 461 309 tendum
492 269 754 321 praetervehi.
818 270 875 307 De
904 281 1016 310 voce.
1055 266 1275 317 ἔπεξὲλασις
1309 273 1349 306 et
1384 265 1614 317 ὖπεξέλασις
1653 267 1738 306 dixi

300 340 347 366 su
377 340 419 365 ra
441 329 531 368 199.
559 326 601 365 C.

348 341 374 379 P
409 384 514 434 Pag.
545 382 637 424 153
667 381 737 421 lin.
768 382 833 423 11.
860 375 1141 433 προτροπάδην
1161 374 1423 431 ὖπενόστουν]
1451 380 1505 419 Ιιι.
1515 378 1595 417 hoc
1612 377 1706 417 vel
1695 392 1738 416 m

298 437 480 493 proxime
494 436 742 490 praecedenti
758 436 907 488 praelio
924 435 1150 474 Romanos
1138 449 1250 473 iussu
1268 435 1365 486 Imp·-
1372 435 1585 486 planitiem
1601 448 1737 473 versus

294 494 503 536 ‘recessisse
530 494 728 532 Cedrenus
756 498 893 531 auctor
920 498 978 530 est
1007 492 1056 531 Π.
1079 494 1172 534 680.
1185 492 1236 529 ..Β
1264 491 1340 528 Ubi
1357 491 1586 542 legendum,
1618 491 1739 530 εἴκειν

300 551 359 600 εἰς
372 546 559 598 τουπίσω,
589 563 671 587 non
692 545 805 601 ἥκειν
828 563 860 589 ε.
880 563 912 588 τ.
945 548 1071 615 quod
1068 547 1187 586 habet
1214 560 1361 586 cusum.
1395 520 1509 585 t’Item
1537 546 1736 589 c.1in.2.

299 607 422 647 Godd.
446 605 531 643 fide
553 605 680 644 scribe
710 605 906 654 εἴκοντας,
934 618 1014 642 ιιοιι
1041 601 1223 656 ἥκοντας.
1269 598 1561 656 Προτροπαδην
1577 616 1662 642 vox
1681 608 1740 640 est

298 665 328 702 A
359 661 488 700 athiae
508 661 576 703 34.
598 661 644 700 A.

334 676 357 714 g
409 716 511 756 lbid.
540 718 609 758 lin
638 720 703 760 22.
731 714 898 769 Λέγεται
917 713 980 767 δὲ]
1021 714 1128 753 Haec
1158 727 1284 765 usque
1313 714 1364 751 ad
1395 714 1443 753 D.
1480 727 1562 754 των
1590 709 1740 777 ὀφθαλ-

299 789 388 826 μων
416 773 667 812 combefisius
692 772 814 810 vertit
838 785 899 823 ap.
923 772 1013 822 Pag.
1040 771 1104 810 lv.
1126 773 1194 819 32,
1224 770 1291 821 qui
1311 770 1452 808 ultima
1470 769 1569 808 mire
1588 769 1645 807 sic
1663 769 1740 807 ha-

297 831 385 868 bet:
416 837 452 867 et
472 831 516 866 in
535 843 622 867 eum
638 826 800 865 modam
823 841 990 893 equam
986 840 1042 864 ex·
1051 828 1226 877 virginis
1243 826 1372 863 oculis
1394 827 1592 875 evolasse,
1621 824 1739 864 credo

300 886 411 938 quod
429 885 605 936 legeret
592 898 636 922 ιιι
663 885 832 922 Graeco:
861 883 930 924 καὶ
949 879 1052 923 οὕτω
1079 880 1152 923 τὸν
1166 882 1291 923 ἵππον
1311 877 1547 934 ἄποπτῆναι.
1592 881 1640 956 In
1661 882 1740 920 Co-

300 942 402 982 dice
408 941 614 979 manifesto
637 946 694 978 est
714 937 855 980 ὕπνον.
1323 955 1326 959 ’

410 999 515 1048 Pag
546 997 639 1040 155.
669 997 740 1034 lin.
768 999 807 1038 7.
836 995 993 1048 ἔξαιμος
1007 991 1179 1049 γεγονώς
1196 992 1263 1034 καὶ
1278 990 1516 1046 καταβελης]
1551 953 1653 1032 Vide
1669 1000 1740 1031 su-

327 1066 372 1092 ra
392 1053 430 1096 5.
452 1053 496 1091 B.

298 1066 325 1108 P
410 1107 512 1148 Ibid.
544 1108 615 1146 lin.
644 1110 710 1150 21.
739 1106 803 1147 ἐπὶ
821 1106 891 1162 τῷ]
917 1107 1096 1144 Fortasse
1119 1101 1184 1156 ἐφ’
1203 1100 1258 1161 ῳ,
1287 1105 1395 1158 quod
1410 1090 1528 1143 habet
1547 1104 1626 1143 hoc
1646 1118 1739 1143 sen-

300 1170 406 1203 suet
425 1165 510 1216 ipse
532 1165 608 1202 Leo
629 1166 697 1206 37.
715 1163 757 1202 Β.
787 1169 827 1200 et
849 1137 1039 1212 ‘Agathias
1059 1165 1126 1204 11,
1148 1162 1192 1200 A.
1208 1147 1282 1204 ’.65
1310 1163 1353 1200 Ι).
1387 1162 1480 1204 142.
1509 1160 1554 1199 A.
1581 1161 1739 1199 tametsi

299 1220 364 1261 ἔπι
387 1223 444 1276 τῷ
466 1221 612 1258 Graece
630 1232 749 1269 aeque
767 1219 844 1257 dici
860 1231 974 1271 posse
993 1223 1160 1258 constat.
1200 1217 1298 1257 Vide
1314 1218 1444 1269 Viget.
1467 1218 1525 1255 De
1550 1217 1738 1259 idiotism.

299 1277 392 1317 edit.
421 1277 636 1315 Hermann.
659 1278 751 1317 619.
776 1275 816 1313 C.
1744 1319 1747 1321 -

407 1335 512 1383 Pag
544 1333 635 1375 156.
670 1331 839 1373 511.ss
869 1329 911 1370 ἐκ
929 1332 1010 1371 τῶν
1030 1326 1221 1381 ἐξήκοντα
1244 1297 1447 1381 χιλιάδων]
1475 1328 1606 1366 Nota·
1593 1341 1636 1366 ιιι
1659 1329 1739 1366 Co-

298 1387 386 1426 dice
407 1394 447 1426 et
471 1388 539 1425 hic
563 1394 600 1425 et
618 1401 735 1438 supra
753 1387 819 1429 47.
841 1387 881 1424 C.
901 1387 1088 1437 χιλιαδων
1109 1385 1247 1434 scribi,
1276 1385 1370 1423 item
1396 1389 1436 1427 7.
1461 1385 1502 1422 C.
1520 1386 1736 1437 μυριαὸων,

297 1457 381 1481 non
399 1444 482 1482 sine
494 1445 622 1494 aliqua
641 1442 874 1480 auctoritate
886 1443 1006 1483 Codd,
1026 1456 1117 1479 mss.
1145 1441 1269 1479 Nam'
1258 1455 1300 1478 ιιι
1317 1440 1559 1478 editionibus
1577 1441 1737 1491 quidem

151 1500 194 1535 P
215 1501 283 1539 247
302 1500 447 1551 ubique
474 1496 750 1552 παροξυτόνως
768 1498 912 1548 legitur
934 1497 1128 1549 genitivus
1145 1497 1309 1548 pluralis
1336 1495 1478 1534 harum
1490 1509 1638 1588 Dvocca
1652 1511 1738 1549 μυ-

299 1552 451 1609 ριάδων
487 1554 722 1594 Plutarchus
750 1554 913 1591 Lucullo
943 1554 1036 1596 519.
1066 1553 1113 1592 Ε.
1143 1553 1331 1590 Cicerone
1356 1552 1454 1594 864.
1526 1554 1662 1595 .883.
1685 1552 1736 1590 Β.

299 1613 423 1650 Galba
454 1615 571 1654 1060.
598 1612 642 1648 Ε.
675 1609 788 1648 Philo
810 1611 865 1647 De
891 1609 1068 1659 agricult.
1091 1608 1182 1650 149.
1211 1609 1257 1647 G.
1280 1605 1468 1659 χιλιαδων
1485 1552 1640 1645 NDicetas
1661 1609 1736 1646 Pa-

296 1668 440 1720 phlago
460 1668 506 1705 In
526 1669 563 1705 S.
582 1666 777 1704 Andream
796 1665 933 1717 Apost.
954 1665 1046 1707 142.
1065 1664 1109 1702 A.
1129 1664 1293 1701 Ioannes
1313 1664 1370 1715 Cy
1373 1664 1578 1715 parissiota
1594 1665 1737 1702 Trans.

297 1723 558 1787 gressionibus
578 1721 812 1774 palamiticis
839 1721 909 1764 25.
932 1721 974 1759 C.
1002 1720 1070 1758 sed
1098 1720 1142 1757 in
1161 1719 1258 1757 his
1246 1720 1343 1772 ipsis
1362 1719 1460 1757 locis
1483 1719 1606 1757 Codd.
1637 1733 1736 1770 quos

298 1780 476 1831 inspexi,
506 1780 603 1817 mire
627 1778 793 1817 variant.
849 1777 907 1814 Ita
928 1776 1107 1825 videant,
1137 1776 1205 1826 qui
1230 1775 1436 1814 interiores
1454 1781 1676 1813 scrutantur
1698 1781 1737 1813 et

298 1835 522 1873 reconditas
542 1836 707 1872 Graecas
721 1834 881 1881 litteras,
900 1832 999 1884 quid
1018 1832 1066 1869 de
1088 1837 1254 1870 accentu
1269 1831 1408 1870 harum
1418 1839 1559 1870 vocum
1567 1831 1622 1869 in·
1629 1832 1738 1881 geni-

297 1890 381 1928 tivo
404 1891 550 1942 plurali
567 1890 813 1929 statuendum
830 1889 903 1927 sit:
933 1902 1025 1926 nam
1043 1892 1233 1939 quantum
1252 1892 1358 1927 sunt
1370 1887 1479 1924 tenui
1499 1887 1736 1924 auctoritate

284 1946 422 1998 codd.
452 1946 535 1999 (vix
564 1945 853 1997 antiquissimos
884 1942 1055 1995 excipio)
1084 1944 1151 1982 ubi
1179 1943 1412 1993 scriptiones
1441 1955 1516 1994 per
1543 1957 1600 1991 ει,
1629 1957 1664 1991 ι,
1693 1959 1735 1994 η,

299 2016 356 2049 οι,
385 2017 410 2039 v
429 2001 472 2038 in
495 2002 659 2039 dubium
676 2006 891 2050 vocantur,
918 2006 1074 2037 tantum
1091 1999 1248 2051 pondus
1261 1998 1421 2047 habent,
1451 1997 1485 2035 si
1502 1997 1550 2035 de
1565 2001 1735 2048 genuina

296 2063 527 2094 accentuum
554 2058 643 2095 sede
673 2057 866 2096 consulas.
914 2056 1038 2094 Voces
1065 2055 1201 2108 μυρίαι
1225 2051 1429 2106 μυριαδες,
1460 2053 1750 2104 frequentissi-

297 2125 384 2150 mae
421 2112 464 2148 in
492 2112 647 2163 hymnis
677 2113 795 2150 sacris
830 2113 1090 2158 Graecorum,
1133 2111 1244 2148 velut
1278 2108 1449 2159 Liturgia
1483 2110 1521 2146 S.
1553 2109 1733 2159 Glegorii

298 2166 567 2205 Alexandrina
598 2172 689 2210 100.
717 2169 763 2206 Α.
788 2168 961 2218 Liturgia
984 2168 1029 2204 D.
1057 2165 1181 2204 Marci
1207 2165 1300 2207 153.
1325 2165 1369 2203 Β.
1387 2164 1560 2215 alibique
1574 2165 1731 2216 passim,

299 2235 390 2261 cum
417 2223 463 2261 ab
482 2224 621 2261 Euseb.
642 2224 895 2271 Renaudoto,
922 2229 1009 2260 tum
1030 2222 1078 2260 ab
1103 2222 1247 2259 Ioanne
1270 2234 1291 2258 a
1313 2222 1351 2258 S.
1375 2220 1536 2258 Andrea
1555 2220 1730 2271 aliisque,

297 2279 416 2317 modo
432 2279 649 2317 redduntur
666 2278 791 2316 decies
808 2279 918 2315 mille
936 2279 1120 2325 millena,
1149 2277 1287 2325 modo,
1315 2282 1361 2314 ut
1380 2276 1528 2326 Liturg.
1547 2277 1590 2316 D.
1609 2276 1732 2314 Marci

296 2335 391 2377 154.
413 2335 458 2374 A.
481 2333 605 2372 decies
623 2335 767 2371 millies
787 2342 946 2371 centena
969 2334 1114 2371 millia.
1152 2333 1286 2370 Scribe
1303 2332 1477 2383 ubique
1500 2331 1625 2369 decies·
1639 2332 1732 2368 mil-

263 2391 374 2430 Blies
404 2389 505 2428 dena
532 2390 691 2427 millia.-
732 2404 823 2427 nam
852 2390 989 2441 μυρίαι
1009 2385 1199 2440 μυριάδες
1230 2388 1443 2426 conficiunt
1468 2393 1646 2436 centum,
1682 2393 1732 2425 ut

294 2447 413 2497 vulgo
430 2446 649 2498 loquimur,
676 2446 881 2483 milliones.
918 2445 1059 2483 Mendo
1076 2444 1184 2481 haud
1199 2444 1369 2481 absimili
1386 2443 1490 2496 apud
1507 2444 1728 2483 Continuat.

296 2502 498 2540 Constant.
519 2500 710 2553 Porphyr.
728 2503 796 2543 37.
824 2502 866 2540 B.
886 2497 1057 2550 χιλιάδες
1077 2499 1170 2539 δέκα
1196 2500 1375 2538 redditur
1403 2497 1607 2547 duodecim
1633 2499 1729 2535 mil-

294 2558 417 2595 lium:
455 2572 530 2609 quo
562 2558 704 2595 mendo
732 2556 924 2594 versionis
956 2556 1115 2593 Latinae
1139 2557 1192 2593 Le
1217 2557 1344 2604 Beau,
1372 2561 1419 2593 ut
1443 2567 1618 2604 semper,
1646 2555 1728 2591 Ha·-

293 2616 415 2650 stoire
439 2621 513 2652 etc.
534 2614 637 2652 XIV.
665 2612 758 2655 374.
786 2612 827 2653 C
844 2612 887 2648 in
911 2625 1081 2649 elrorem
1109 2612 1296 2649 inductus
1319 2616 1389 2648 est.
1447 2610 1585 2647 Obiter
1603 2610 1728 2647 adda-

293 2683 378 2707 mus
397 2670 492 2708 Lex}
482 2671 552 2708 cis
570 2682 686 2708 voces
704 2675 783 2706 tres
805 2668 1038 2718 compositas
1062 2681 1151 2705 cum
1173 2668 1316 2719 χίλιος,
1347 2665 1528 2704 undecim
1550 2678 1639 2702 cum
1657 2661 1729 2716 μύ-

292 2724 812 2777 9109,11011dum,utmihi
835 2730 1019 2774 statuo,1
1006 2729 1182 2762 notatas:
1216 2721 1268 2775 1.)
1298 2718 1639 2775 Μυριανθρωπος,
1667 2722 1729 2758 in-
