1748 3094
269 175 372 223 '426
722 183 772 229 C.
790 181 847 226 B.
876 183 1031 228 HASII
1056 183 1260 229 NOTAE
1281 182 1293 187 ”

240 285 315 326 ἐν
335 281 569 353 δικαιοσύνῃ
593 283 810 334 διέποντος.
873 281 964 328 Τότε
982 283 1036 339 δή
1060 285 1128 328 διαὶ
1145 290 1305 342 γραφῆς
1324 286 1472 331 αὑτῶν
1480 289 1718 357 διωρίσαντο

269 341 339 383 καὶ
365 340 435 384 τὸν
452 339 684 395 Μάγιστρον
703 339 940 411 Νικηφόρον
963 343 1032 384 καὶ
1033 344 1296 413 Δομέστικον
1323 345 1382 387 ἐν
1386 347 1438 403 τῇ
1460 342 1572 396 πόλει
1592 362 1717 400 παρα-

268 398 467 468 γενέσθαι.
521 398 564 438 Ὀ
581 396 623 439 δὲ
642 397 832 438 εἰσελθων
848 395 978 440 πάντα
994 415 1043 440 τα
1056 398 1218 467 λάφυρα
1233 398 1391 455 συνάμα
1402 401 1472 443 καὶ
1485 405 1568 451 τοῖς
1582 403 1719 470 αἰχμα-

268 453 407 503 λώτοις
440 451 670 508 Ἀγαρηνοῖς
699 455 742 496 ἐν
767 458 827 510 τῷ
856 455 1007 511 ἱππικῷ
1032 453 1318 524 ἐθριάμβευσε,
1359 460 1435 500 τοῦΙ
1468 461 1555 526 τῆς
1570 454 1719 506 πόλεως

232 509 392 564 Βὸχλου
420 510 488 551 καὶ
515 514 587 551 τοῦ
615 496 806 563 πλήθους
830 512 1186 579 συνηθροισμένον.
1255 510 1351 556 Τότε
1378 529 1445 556 τον
1478 510 1717 584 Μαγιστρον

266 567 336 609 καὶ
354 566 597 620 Δομέστικον
615 570 695 607 τῶν
717 571 869 619 σχολῶν
890 565 1128 638 Νικηφόρον
1149 569 1194 610 οἴ
1209 574 1366 611 πολῖται
1384 568 1550 624 νικητῆν
1570 568 1715 612 ἐπωνό-

266 636 409 676 μασαν,
437 622 506 663 καὶ
525 621 671 671 πάντες
688 639 815 672 ουτως
831 620 1042 677 η’γαπησάν
1057 641 1127 666 τον
1147 622 1308 680 ἀριστέα·
1324 642 1377 674 ως
1396 627 1547 668 οἰκείαν
1565 622 1714 679 ψυχήν.

263 681 296 719 Ι.
310 694 341 719 e.
355 680 395 718 Is
407 679 715 731 [Mceplzorus]‚
735 680 805 717 ubi
818 679 866 718 de
887 688 1010 718 morte
1029 682 1211 720 Romam
1225 683 1325 735 Imp.
1345 683 1549 733 intellexit,
1565 697 1656 735 repr
1657 697 1715 720 es·-

261 738 319 774 sit
346 739 562 787 impetum:
593 738 812 788 praefectis
845 738 1046 788 singuli-9,
1077 740 1150 790 qui
1181 753 1315 777 seeum
1353 746 1490 790 erant,
1530 741 1714 791 imperat,

262 800 311 830 ut
346 794 569 831 Saracenos
608 799 747 843 captos
776 791 1051 845 praedamque
1085 808 1214 833 unum
1251 797 1297 833 in
1334 796 1468 833 locum
1502 796 1714 834 Romanae

259 848 432 886 ditionis·
472 850 704 899 conferrent.
779 849 1132 901 Relinquebantur
1175 853 1218 889 in
1249 851 1413 903 palatio
1445 853 1715 904 pronunciati

264 905 500 957 leeopliano
518 905 738 956 *Augusta
772 904 934 957 duoque
969 907 1057 944 eius
1084 907 1177 958 filii
1210 908 1404 946 Basilius·
1435 915 1472 945 et
1510 909 1714 947 Constan-

257 963 393 1011 tinus,
444 959 659 999 sedulitate
699 968 736 998 et
771 961 995 1013 prudentia
1033 966 1319 1015 procuratoris·
1357 966 1516 1016 imperii
1556 964 1714 1016 Iosephi

258 1018 528 1065 cubicularii,
557 1017 742 1055 sabditos
769 1019 1034 1070 aequabiliter
1063 1019 1323 1060 moderanti-5³.
1388 1021 1451 1059 Hi·
1480 1022 1610 1074 §gitur
1636 1035 1711 1072 per
1735 1021 1737 1023 ’

257 1074 415 1111 litteras
445 1079 664 1124 iusserunt,
694 1075 892 1126 ,Magister
926 1089 1084 1126 quoque
1105 1083 1140 1113 et
1167 1077 1428 1115 Domesticus
1459 1077 1711 1128 ,Nic-ephorus

258 1137 305 1167 ut
334 1132 377 1167 in
405 1130 541 1167 urbem
567 1132 714 1172 veniat.
772 1131 812 1169 Is
839 1132 1046 1182 ingressus
1072 1131 1220 1184 [mens-
1249 1133 1381 1185 Aprili
1414 1147 1450 1172 a.
1483 1135 1588 1177 963:
1625 1133 1709 1171 vid.

257 1200 376 1238 supra
410 1186 504 1229 204.
536 1186 604 1238 C.]
644 1185 845 1237 praedam
877 1202 1028 1225 omnem
1055 1202 1140 1227 una
1174 1203 1267 1227 cum
1293 1191 1506 1228 Saracenis»
1533 1191 1710 1241 captivis

250 1241 325 1294 per
364 1244 517 1279 circum
559 1245 603 1279 in
640 1243 845 1295 triumpho
882 1245 1098 1282 transtulit
1112 1275 1123 1296 ,
1167 1245 1411 1297 conglobata
1447 1244 1710 1284 multitudine

257 1298 418 1335 urbana
449 1313 499 1335 ac
525 1299 649 1349 plebe.
738 1301 848 1337 Tunc
877 1301 1127 1352 Illagistrum
1161 1309 1198 1339 et
1230 1304 1507 1340 Domesticum
1543 1301 1707 1339 schola-

257 1369 351 1392 rum
383 1355 654 1406 Nicephorum
693 1357 799 1394 cives·
827 1357 1018 1394 victorem
1052 1358 1378 1408 nominaverunt,
1416 1370 1626 1410 omnesque
1651 1358 1716 1395 il·-

257 1412 364 1459 lum,
405 1411 516 1463 quod
547 1414 693 1463 optime
720 1427 761 1449 se
791 1414 832 1450 in
866 1412 966 1450 bello
991 1415 1216 1466 gessisset,
1239 1412 1359 1452 haud
1385 1427 1500 1451 secus
1536 1413 1707 1451 deama-

256 1475 401 1505 verunt
437 1472 488 1505 'ac
519 1470 730 1519 propriam
756 1470 948 1506 animam.
1020 1470 1122 1507 Nota
1154 1469 1363 1521 Iosephum
1398 1469 1706 1519 Cubicularium,

257 1523 325 1574 qui
351 1530 481 1563 tantas
510 1537 601 1562 cum
632 1524 856 1575 Nicephoro
886 1525 1101 1563 simultates
1132 1526 1273 1576 gessit,
1313 1525 1358 1563 in
1384 1526 1566 1578 superius
1591 1526 1706 1577 posi-—

254 1581 307 1618 tis
336 1581 470 1619 ornan
499 1581 632 1632 potius
664 1594 780 1632 quam
816 1581 946 1632 cmpii
998 1581 1104 1620 unde
1131 1582 1280 1620 inseire
1314 1582 1464 1634 possis,
1500 1581 1705 1620 historiam

253 1637 365 1674 illam
392 1650 473 1674 non
500 1636 581 1674 nisi
602 1637 822 1688 Nicephoro
845 1637 1079 1675 obt1uncato
1107 1637 1152 1676 in
1178 1639 1307 1677 lucem
1329 1638 1544 1691 prodiisse,
1573 1638 1703 1691 impe—

252 1700 366 1732 iante
388 1694 551 1731 fortasse
571 1693 786 1743 Tzimisce,
816 1699 885 1731 aut
903 1693 1046 1731 Basilio
1065 1693 1111 1732 H.

365 1749 468 1788 Ibid-
499 1750 569 1786 lin
601 1750 667 1792 14.
699 1749 764 1790 ἐπὶ
780 1747 824 1790 τὸ
850 1745 1072 1802 ἅνακτορον
1088 1752 1230 1790 τοῦτον
1247 1749 1440 1802 ἐκαλεῖτο]
1469 1750 1648 1788 Harum
1635 1764 1702 1788 m-

251 1804 442 1844 sidiarum
471 1807 518 1843 ab
553 1805 719 1857 [osepho
755 1819 888 1845 meuse
926 1806 1056 1858 Aprili
1085 1809 1242 1850 a.·963.
1282 1806 1506 1858 Nicephoro
1534 1812 1702 1859 structa-

250 1876 342 1900 rum
367 1876 493 1913 neque
525 1862 686 1900 Cedren.
708 1863 757 1900 II.
779 1863 871 1905 646.
900 1862 946 1902 Α,
974 1863 1173 1912 meminit,
1203 1876 1329 1914 neque
1357 1864 1551 1901 Zonaras:
1588 1863 1701 1901 ambo

251 1924 391 1956 contra
410 1918 590 1957 scribunt
607 1918 896 1970 Nicephorum,
928 1925 1083 1957 ostenso
1110 1919 1268 1956 cilicino
1289 1918 1412 1971 ipsius
1429 1918 1610 1969 indusio,
1639 1919 1701 1957 Io·

249 1973 372 2024 sepho
395 1975 650 2025 persuasisse,
681 1975 896 2012 solitariam
917 1989 958 2012 se
977 1975 1101 2014 vitam
1119 1988 1392 2026 recessumque
1409 1989 1432 2012 a
1453 1975 1606 2012 saeculo
1621 1988 1699 2013 me-

251 2028 370 2066 ditari
401 2029 484 2082 (ubi
504 2031 609 2082 apud
635 2034 828 2069 Zonaram
854 2031 902 2069 11.
931 2033 1022 2074 198.
1043 2032 1086 2072 B.
1117 2030 1450 2069 consentientibus
1478 2030 1593 2069 codd.
1624 2044 1697 2082 pro

213 2083 599 2138 οκατακυπτόμενον
616 2088 643 2125 1.
660 2083 1055 2140 κατακρυπτόμενον).
1113 2087 1338 2125 Cuiusmodi
1356 2087 1499 2129 famam
1516 2087 1696 2138 profecto

249 2145 346 2179 tunc
368 2143 637 2192 percrebuisse
660 2143 839 2181 firmatur
867 2156 917 2180 ex
943 2143 1104 2181 historia
1132 2142 1278 2180 horum
1306 2148 1532 2194 temporum
1558 2157 1629 2180 ms.
1652 2143 1698 2181 in

250 2197 437 2237 Biblioth.
469 2199 610 2249 Regia,
647 2200 717 2237 ubi
740 2200 826 2238 illa:
865 2198 908 2240 ‘O
940 2201 1084 2246 Φωκᾶς
1105 2196 1179 2250 τήν
1204 2199 1472 2250 προφοίβασιν
1489 2196 1577 2252 (sic,
1597 2211 1696 2238 voce

250 2253 295 2291 in
323 2254 467 2291 Lexica
495 2255 670 2292 nondum
702 2261 881 2307 iecepta:
924 2255 1001 2293 alia
1027 2256 1155 2293 forma
1180 2255 1464 2323 προφοίβασμᾳ
1491 2261 1586 2293 nota
1619 2253 1693 2308 esi)

250 2308 364 2376 ε’λαβε
391 2308 498 2363 παρά
527 2313 599 2350 τοῦ
627 2309 742 2378 αγίου
759 2308 999 2351 Ἀθανασίου
1024 2313 1099 2351 τοῦ
1124 2308 1236 2357 ὄντος
1264 2311 1321 2358 εἷς
1339 2326 1382 2351 το
1398 2308 1540 2365 ‘'Ayiov
1557 2308 1693 2364 ’Ὅρος,

251 2362 312 2406 ὅτι
336 2365 467 2435 μέλλει
485 2367 540 2413 εἰς
558 2365 666 2414 τέλος
687 2364 818 2407 ὀλέσαι
844 2364 891 2407 τὰ
911 2365 1051 2419 πλήθη
1076 2369 1157 2407 τῶν
1170 2369 1444 2436 Σαρακηνων,
1472 2367 1541 2407 καὶ
1557 2365 1693 2407 ἐκδιῶ-

250 2423 316 2471 ξαι
340 2419 489 2471 αὐτούς
512 2418 589 2462 οἷπὸ
606 2426 687 2462 τῶν
709 2422 831 2475 ὁρίων
855 2426 926 2474 τῆς
940 2422 1152 2475 Ῥωμαΐδος
1172 2425 1257 2475 γῆς.
1284 2419 1487 2463 Ἀπελθων
1507 2421 1551 2462 δὲ
1574 2421 1618 2462 ἐν
1641 2425 1693 2477 τῆ

250 2477 391 2534 Κρήτῃ
421 2495 443 2520 ο
480 2481 624 2526 Φωκᾶς
651 2494 722 2518 και
744 2476 959 2527 σκυλεύσας
986 2476 1080 2526 τοὺς
1098 2476 1296 2550 ”Αραβας,
1331 2478 1485 2545 ἔπεμψε
1505 2480 1563 2531 τῷ
1590 2476 1690 2546 ἇγίῳ

251 2521 392 2584 ἱκανοῖς
419 2535 551 2601 λίτρας
571 2535 740 2603 χρυσίου
766 2535 807 2574 ἐκ
825 2550 907 2574 των
926 2531 1160 2604 λαφύρων,
1150 2536 1217 2574 iva
1215 2530 1478 2602 οἰκοδομήσῃ
1498 2547 1691 2585 μοναστη·

248 2607 348 2642 ριον.
377 2587 511 2644 Λόγον
530 2588 604 2644 γοῖρ
628 2587 732 2642 εἶχον
753 2588 952 2643 ἅῤῥηκτον
978 2589 1093 2640 ὁμοῦ,
1123 2587 1183 2631 ότι
1201 2588 1305 2632 ὅπου
1324 2605 1376 2631 αν
1396 2575 1641 2655 οἰκοδομήσῃ
1669 2588 1691 2630 ὅ

246 2643 506 2697 Ἀθανοὲσιος,
536 2646 699 2687 ἕκεῖσε’
681 2661 747 2686 ινα
768 2649 875 2702 καρῇ
901 2645 967 2686 καὶ
986 2645 1012 2687 0‘
1033 2649 1201 2696 Φωκᾶς,
1234 2645 1302 2686 καὶ
1329 2642 1591 2702 συναποθανῃ
1611 2630 1698 2714 μετ’

248 2700 388 2744 αὕτοῦ.
420 2703 488 2751 Ὡς
510 2701 553 2744 δὲ
575 2702 710 2755 γέγονε
731 2687 914 2754 βασιλευς
935 2699 1031 2754 μετοὲ
1057 2699 1128 2743 τόν
1154 2699 1335 2743 θάνατον
1356 2701 1576 2770 Ῥωμανοῦ,
1605 2698 1688 2742 πά-

247 2774 296 2798 νυ
315 2760 516 2812 ἐμέμψατο
535 2756 657 2800 αυτὸν
673 2775 695 2800 ο
713 2773 836 2827 αγιος
839 2757 906 2798 καὶ
929 2755 1123 2810 ω’ργίσθη,
1149 2755 1209 2800 ’ὅτι
1224 2754 1506 2811 ε’προτιμήσατο
1520 2754 1597 2810 τὴν
1620 2758 1688 2809 βα-

248 2818 396 2857 σιλείαν
412 2814 518 2870 παρὰ
542 2813 614 2869 τήν
650 2811 867 2869 μοναχικὴν
894 2815 1108 2857 πολιτείαν.
1163 2815 1301 2855 Habes
1317 2814 1382 2854 hic
1407 2820 1582 2866 tempus,
1610 2827 1686 2865 quo
