1728 3048
223 130 320 175 282
586 136 899 182 THEODOSII
925 139 1198 184 ACROASlS
1226 143 1276 186 H.

351 248 440 292 ταῖς
457 249 546 293 σαῖς
562 242 719 300 γένηται
738 252 983 301 προσταγαΐς
1003 245 1198 302 ἂρτυσία,·

352 311 494 359 ἐκεῖνος
512 309 618 365 ἡμᾶς
636 316 861 363 νουθετῶν,
897 313 1127 368 ἐπιτρέπων,

350 377 425 431 τὴν
441 385 555 434 χεῖρα
572 383 691 420 πᾶσιν
712 380 889 427 ἐξαπλῶν
898 411 912 431 ‚
950 379 1147 435 εὐεργέτει.

345 449 591 498 μνησθῶμεν
614 445 737 486 αὐτοῦ
751 444 948 502 ,ῥημάτων
967 446 1226 504 μελιῤῥύτων,
1579 466 1644 500 190

349 513 414 552 καὶ
434 516 513 553 τῶν
534 514 758 568 τραπεζῶν,
795 510 879 554 εἶτα
899 517 979 555 τῶν
995 513 1270 571 χαρισμάτων.

345 576 554 632 μνήσθητε
564 611 577 631 ,
615 581 679 620 καὶ
702 577 912 634 θάνωμεν,
950 580 1112 637 ἄνδρες,
1148 584 1203 632 εἷς
1222 582 1324 635 δέον,

344 644 422 686 ὑπὸ
442 645 577 699 γένους
598 645 769 695 ἄνακτος
792 645 1088 700 εὐσεβεστάτου,

343 710 468 765 μόνον
487 717 699 768 πλατυνθῇ
718 719 919 767 σκῆπτρον
934 718 1007 768 τῆς
1022 718 1257 772 μοναρχίας,

344 780 409 820 καὶ
428 783 500 834 γῆς
519 778 650 829 ἀνάξει
666 778 866 834 Ῥωμανὸς
882 779 1013 835 πάσης
1027 779 1162 834 μόνος.
1176 784 1201 804 ”
1576 798 1640 833 195

439 846 544 888 Ἐπεὶ
566 847 609 888 δὲ
628 848 788 901 πληθὺς
805 849 1050 904 μυριάνδρος
1068 838 1291 907 βαρβάρων

343 916 386 956 ἐκ
406 917 485 955 τῶν
505 918 640 956 πυλῶν
660 913 864 971 ὥρμησεν,
903 913 957 963 ὡς
977 913 1095 956 νότου
1116 917 1251 972 νέφος,

341 981 494 1037 βρυχὴν
514 981 697 1023 ἄπειλοῦν
707 1014 720 1034 ,
757 983 823 1023 καὶ
841 979 1097 1037 προδεικνύον
1121 982 1286 1039 σπόρον,

343 1049 382 1090 οἱ
402 1050 464 1089 σοὶ
483 1048 694 1104 τραπέντες
712 1050 765 1098 εἷς
785 1048 914 1105 φυγὴν
934 1050 1213 1104 πεπλασμένην

343 1113 473 1170 πάγην
494 1113 741 1169 ἐτεχνάζοντο
763 1116 835 1169 τὴν
854 1113 1126 1171 κρητεκτόνον.
1570 1128 1638 1163 200

341 1180 493 1238 πύργον
516 1183 560 1224 δὲ
578 1183 733 1237 μακρὸν
751 1181 896 1230 πάντες
916 1180 1184 1236 ἐκβεβηκότες,

342 1250 408 1291 καὶ
426 1253 506 1291 τῶν
523 1253 657 1291 πυλῶν
674 1249 823 1299 ἔξωθεν
843 1247 1113 1305 ἓξωρμηκότες
1128 1286 1131 1290 .

340 1315 481 1364 ποινὰς
497 1314 655 1370 ὑπεῖχον
674 1318 843 1365 πίστεως
859 1316 933 1364 τὰς
951 1316 1076 1365 ἀξίας.

342 1384 386 1424 ἐκ
407 1381 607 1439 τεττάρων
623 1384 698 1439 γὰρ
719 1386 940 1439 στρατικῶς
958 1379 1243 1437 ε’γκρυμμάτων

340 1447 496 1491 κλύδων
515 1451 709 1506 ἐγερθεὶς,
747 1451 813 1492 καὶ
833 1450 1021 1505 σφοδρῶς
1039 1447 1272 1505 ἔπιβράσας,
1567 1464 1634 1499 205

337 1520 513 1570 χειμῶνα
532 1521 670 1575 γεννᾷν
689 1517 837 1573 ἤρξατο
858 1515 959 1571 πρὸς
975 1520 1049 1569 τῆς
1064 1514 1196 1570 μάχης
1210 1530 1220 1541 ·
1460 1516 1462 1518 ’

340 1585 404 1625 καὶ
425 1585 628 1637 δυσμενῶν
648 1579 698 1637 ἦν
717 1582 907 1639 συμφορὰ
915 1614 929 1635 ,
964 1580 1127 1636 κλόνος,
1163 1580 1317 1634 στόνος,

338 1654 448 1692 λαῶν
470 1651 513 1692 δὲ
528 1655 606 1692 τῶν
624 1656 706 1693 σῶν
720 1649 906 1706 χαρμονὴ
923 1648 1148 1706 νικηφόρος.

339 1715 395 1766 ὥς
413 1712 483 1759 οὗν
505 1718 720 1767 σταθέντες
739 1713 843 1773 ἦσαν
862 1718 903 1759 ἓν
922 1718 1155 1777 μεταιχμίῳ,

294 1836 374 1870 188.
405 1832 500 1879 ἡμᾶς
530 1847 592 1869 om.
623 1835 664 1869 C.
695 1846 737 1869 ex
767 1834 840 1868 cod.
872 1833 1021 1869 restituit
1051 1833 1094 1868 F.
1206 1835 1282 1869 191.
1314 1835 1397 1868 ταῖν
1433 1833 1627 1877 τραπεζῶν.

296 1881 373 1914 193.
398 1881 470 1913 Scr.
495 1877 585 1925 ὑπὲρ
605 1879 740 1924 γένους.
764 1880 807 1915 cf.
832 1879 876 1913 11.
902 1880 977 1914 118.
1069 1877 1145 1915 194.
1161 1879 1391 1919 πλατννθεὶς,
1414 1878 1449 1912 in
1466 1882 1532 1911 not.
1551 1879 1627 1921 lego

293 1926 498 1969 πλατυνθῇ.
598 1926 672 1961 195.
709 1925 802 1958 Fort.
838 1922 964 1970 οἷνοέξῃ.
1054 1926 1131 1960 198.
1162 1923 1317 1970 βρυχῆν,
1350 1924 1385 1957 in
1422 1928 1490 1956 not.
1517 1923 1628 1966 potius

295 1968 430 2014 βροχήν
453 1970 494 2004 C.
538 1969 670 2004 Pisidas
689 1969 881 2003 Heracliad.
901 1970 926 2002 Ι.
950 1967 1005 2003 36.
1029 1980 1064 2022 p.
1081 1970 1137 2005 97.
1160 1970 1199 2004 αὶ
1222 1967 1349 2014 βροχαὶ
1366 1969 1440 2003 τῶν
1454 1965 1626 2010 αἱμάτων.

296 2015 372 2048 198.
391 2014 487 2047 Fort.
508 2012 643 2059 σπόρῳ,
666 2015 719 2049 vel
739 2014 825 2059 quod
842 2014 950 2047 malim
965 2016 1120 2059 φθορον.
1209 2016 1289 2048 201.
1311 2014 1405 2048 Fert.
1427 2009 1585 2054 πύργων,
1607 2023 1627 2045 e

292 2058 442 2092 turribus
491 2061 620 2103 egressi
665 2061 828 2104 longeque
871 2060 1052 2102 progressi.
1177 2060 1258 2094 202.
1305 2059 1379 2092 τῶν
1423 2057 1541 2091 συλῶν
1583 2057 1623 2089 C.

293 2102 372 2137 204.
395 2101 646 2147 ἐγκρουμάτων
668 2104 708 2136 C.
798 2105 876 2138 206.
905 2103 998 2136 Fort.
1020 2099 1090 2146 πρό
1108 2102 1172 2147 τῆς
1190 2103 1324 2148 μάχηςε
1348 2101 1462 2146 agitur
1479 2100 1566 2135 enim
1582 2100 1624 2135 de

295 2147 358 2188 ijs,
382 2159 468 2193 quae
490 2154 568 2183 ante
590 2160 733 2194 pugnam
755 2149 956 2182 commissam
977 2148 1068 2182 facta
1089 2152 1177 2182 suut.

205 2251 260 2284 ret
270 2247 444 2293 imperiis?
466 2247 643 2282 admonens
665 2248 732 2289 ille,
747 2250 782 2282 et
799 2247 905 2282 nostri
916 2258 1025 2281 curam
1034 2259 1155 2291 gerens
1169 2246 1351 2281 beneficam
1367 2257 1496 2281 manum
1509 2247 1608 2280 exten

206 2294 309 2328 debat
330 2293 488 2326 omnibus.
533 2293 756 2326 Recordemur
778 2294 848 2326 eius
885 2294 989 2326 verba
1010 2292 1185 2333 melliflua,
1210 2296 1244 2325 et
1267 2303 1396 2326 mensas
1425 2295 1527 2335 atque
1551 2302 1606 2324 nn-

206 2349 300 2373 nera.
344 2337 574 2372 Recordemini
586 2361 596 2377 ,
622 2341 656 2370 et
671 2338 846 2371 moriamur
856 2362 867 2378 ‚
890 2337 920 2370 si
934 2348 1017 2381 opus
1034 2337 1149 2377 fuerit,
1172 2347 1232 2380 pro
1249 2336 1375 2370 familia
1389 2336 1496 2380 Regis
1513 2334 1605 2380 piiss-

207 2384 262 2418 mi.
309 2383 420 2416 Solum
448 2381 647 2417 extendatur
674 2387 840 2425 sceptrum
862 2382 1015 2425 imperii,
1045 2386 1228 2425 cunctoque
1254 2381 1328 2414 orbi
1350 2392 1433 2414 unus
1457 2380 1606 2414 Romam

207 2427 380 2472 imperet.”
402 2427 581 2470 Postquam
594 2437 674 2459 vero
690 2426 820 2459 infinita
836 2426 1008 2459 multitudo
1021 2426 1237 2459 barbarorum
1251 2437 1271 2459 e
1286 2425 1392 2469 portis
1406 2424 1516 2465 irruit,
1537 2427 1603 2457 tm-

209 2485 305 2518 quam
328 2476 444 2506 coacta
469 2472 512 2505 ab
527 2472 647 2504 Austro
671 2472 775 2504 nubes
802 2470 956 2504 minitans
969 2474 1216 2514 tempestatem,
1239 2474 1275 2506 et
1289 2470 1374 2503 mala
1392 2469 1551 2503 nuncians
1567 2477 1603 2499 e-

207 2518 340 2562 getibus
351 2542 362 2559 ,
383 2516 436 2550 tui
458 2527 496 2549 se
511 2519 680 2549 vertentes
704 2515 740 2548 in
756 2516 866 2548 fictam
882 2516 994 2558 fugam
1010 2515 1159 2559 laqueum
1173 2515 1336 2559 parabant
1351 2513 1388 2547 in
1405 2512 1604 2558 perdition-u

208 2563 386 2596 Creticam.
431 2560 552 2600 Cuncti
575 2563 682 2594 autem
711 2571 730 2592 e
752 2560 859 2602 longis
879 2564 1038 2592 exeuntes
1053 2559 1218 2601 turribus,
1241 2563 1341 2602 atque
1356 2557 1461 2602 portis
1479 2567 1518 2589 se
1530 2556 1603 2588 scas

208 2611 437 2650 erumpentes,
460 2617 583 2650 poenas
606 2604 741 2638 luebant
756 2604 823 2637 fide
839 2615 951 2636 eorum
967 2603 1097 2646 dignas.
1141 2606 1170 2637 A
1184 2607 1324 2648 quatuor
1339 2613 1478 2645 namque
1491 2598 1602 2650 insilis

209 2655 340 2684 tuorum
356 2651 493 2685 militum
511 2654 623 2685 aestus
637 2652 834 2688 commotus,
857 2653 893 2681 et
907 2648 1119 2682 vehementer
1140 2649 1273 2682 fervens
1284 2671 1296 2687 ‚
1318 2645 1493 2691 procellam
1511 2646 1603 2686 coplt

208 2695 394 2740 producere
418 2696 455 2729 in
482 2694 629 2740 praelio3
652 2693 866 2736 hostibusque
889 2696 962 2726 erat
986 2693 1119 2733 clades,
1139 2692 1316 2731 tumultus,
1336 2686 1603 2739 suspirium‚tgxis

208 2744 319 2774 autem
343 2740 471 2785 populls
487 2739 686 2786 triumphale
702 2737 866 2784 gaudium.
912 2738 997 2771 Cum
1015 2748 1095 2782 ergo
1114 2741 1227 2772 essent
1239 2733 1452 2771 circumventi
1465 2734 1509 2769 ab
1532 2742 1601 2765 me-
