1754 2996
278 134 379 184 500
405 156 408 162 ·
731 139 779 183 C.
806 141 854 183 Β.
883 137 1038 183 HASIl
1064 137 1266 182 NOTAE

276 248 373 297 tago
403 251 544 283 contra
571 247 700 283 nivem
729 245 944 282 luctantes.
1004 242 1138 280 Nulla
1162 249 1272 281 terra
1294 241 1364 281 hic
1391 237 1607 280 videbatur
1629 255 1721 306 esse,

278 316 403 354 neque
422 303 492 339 nix
516 304 692 340 usitata:
727 303 819 353 equi
844 299 904 337 ad
924 299 1073 337 collum
1096 312 1221 350 usque
1244 301 1326 337 non
1351 297 1622 350 apparebant.-
1656 299 1724 335 iu·

281 365 424 406 menta,
452 361 642 409 quamvis
660 365 742 395 eat!
743 371 826 394 emo
847 358 1007 409 agmine
1024 355 1330 407 subsequentia,
1358 353 1586 404 interibant,
1613 354 1724 393 mul-

281 423 402 467 taque
427 414 486 451 ibi
513 414 854 466 relinquebantur.
909 413 1070 451 Etenim
1090 411 1299 450 dicebatur
1319 413 1390 449 nix
1407 409 1630 448 cubitorum
1656 421 1722 449 17-

278 469 520 520 altitudine,
548 478 708 522 eratque
740 469 992 520 difficillima
1015 469 1206 506 transitu.
1263 467 1331 506 Ita
1353 466 1473 505 multi
1489 480 1541 504 -ex
1566 458 1723 503 comiti-

279 528 356 566 bus
383 526 550 565 domum
580 542 621 564 se
651 527 924 574 contulerunt,
959 522 1070 576 quod
1096 525 1367 562 calamitatem
1392 524 1476 561 vim
1498 522 1723 560 humanam

278 598 466 649 superare
487 582 806 622 arbitrabantur.
861 581 998 632 Atque
1016 588 1102 617 erat
1121 582 1303 631 profecto
1329 582 1490 618 insueta
1514 591 1722 627 aerumna,

279 641 453 678 miseriis
471 637 747 691 undiquejere
764 637 1066 690 ingruentibus:
1093 638 1206 687 infra
1225 643 1313 674 tam
1327 637 1417 674 alta
1431 641 1468 673 et
1485 636 1621 686 spissa
1637 635 1722 681 nix,

279 710 444 748 superne
453 696 608 747 flantes
627 697 734 734 venti
754 694 1107 732 inclementissimi.
1164 694 1300 744 N'eque
1322 693 1414 730 ulla
1435 692 1594 742 sperari
1603 696 1723 742 pote-

278 760 347 789 rat
365 752 567 789 malorum
589 750 864 816 intercapedo,
892 763 969 787 nec
979 747 1086 786 unde
1102 750 1195 800 quis
1212 749 1412 786 meliorem
1430 754 1586 785 statum
1613 760 1724 783 asse-

278 815 462 860 queretur
490 807 648 860 (omnia
669 808 842 846 inutilia
870 813 906 843 et
925 807 1002 855 infi
1004 813 1182 842 uctuosa
1200 819 1280 842 esse
1298 805 1365 842 liis
1389 805 1433 841 in
1450 803 1572 841 malis
1588 816 1723 854 appa·-

278 864 432 917 rebat),
475 865 596 902 nulla
629 871 715 902 erat
731 863 921 914 facultas
947 864 1059 913 ignes
1088 860 1349 909 accendendi,
1386 873 1456 898 nec
1482 861 1723 911 requiescere

277 922 341 960 vel
361 922 574 958 minimum
598 923 779 971 spatium
793 918 1048 970 permittebat
1065 917 1180 955 nobis
1204 919 1285 956 nix.
1341 912 1442 970 (IV.)
1469 914 1721 953 Accedebant

276 985 398 1014 noctu
430 984 546 1014 scuta
575 991 654 1028 pro
685 976 909 1014 cubilibus.-
947 974 1046 1011 lzaec
1062 988 1142 1025 pro
1181 972 1365 1011 omnibus
1393 971 1657 1021 habebamus,
1685 977 1723 1008 et

269 1046 350 1084 pro
382 1033 585 1084 stragulis
612 1041 649 1070 et
672 1047 750 1085 pro
777 1032 987 1083 opertoriis
1016 1029 1369 1081 splendidissimis.
1427 1027 1477 1066 In
1504 1028 1592 1065 illis
1617 1028 1724 1065 enim

275 1103 421 1140 corpus
450 1088 508 1126 ad
533 1091 687 1141 ignem,
725 1102 794 1126 nec
821 1088 940 1124 illum
967 1085 1234 1137 splendidum,
1262 1084 1604 1135 rel‘bcillabamus.
1645 1084 1724 1121 So·-

275 1159 411 1182 mnum
439 1147 531 1184 visa
557 1160 628 1196 per
656 1146 828 1197 quietem
854 1145 1121 1192 occurrentia,
1151 1143 1269 1194 quasi
1297 1143 1496 1179 timentem
1521 1141 1600 1177 illa
1622 1152 1723 1191 quo-.-

276 1215 368 1252 que,
414 1204 647 1239 universum
679 1202 943 1252 fugaverant.
1015 1200 1151 1250 N'eque
1179 1200 1396 1262 quisquam
1426 1198 1583 1248 magis
1599 1208 1723 1260 quam

274 1258 385 1294 alius
403 1256 462 1294 ad
476 1272 691 1295 aerumnas
715 1256 982 1294 obduruerat:
1012 1269 1144 1293 omnes
1166 1262 1282 1292 erant
1303 1261 1351 1291 ut
1371 1255 1415 1291 in
1432 1253 1634 1290 communi
1653 1265 1722 1290 ca-

277 1314 461 1350 lamitate
487 1329 607 1365 aeque
629 1321 666 1351 et
693 1315 829 1351 animo
851 1320 888 1349 et
908 1326 1067 1362 corpore
1082 1311 1245 1363 afflicti.
1299 1310 1425 1349 Alius
1451 1309 1587 1347 beatos
1599 1322 1742 1358 praee·

275 1368 442 1407 dicabat
457 1378 659 1419 mortuos,
691 1377 739 1407 ut
763 1372 846 1406 iam
872 1382 990 1405 sensu
1018 1366 1301 1418 doloribusque
1326 1366 1535 1404 liberatos:
1565 1364 1720 1402 lamen—-

273 1426 439 1464 tabatur
465 1427 578 1463 alius
600 1433 802 1477 posteros,
832 1424 979 1476 quibus
1006 1425 1179 1461 miseriis
1201 1423 1378 1474 oppressi
1401 1421 1468 1459 illi
1486 1434 1642 1472 quoque
1657 1421 1721 1457 vi-

273 1489 318 1518 ta
337 1490 462 1519 essent
489 1481 732 1532 defuncturi.
790 1481 887 1519 Item
904 1480 1037 1532 labori
1056 1479 1349 1517 succubuerant
1362 1478 1628 1528 eaploratores
1642 1489 1721 1514 no-

271 1540 366 1587 stri,
397 1540 442 1576 vi
470 1539 573 1575 mali
591 1540 712 1586 victi,
742 1551 812 1575 nec
831 1551 906 1587 per
933 1538 1064 1574 nivem
1094 1537 1242 1572 incerto
1259 1532 1402 1586 gradu
1425 1539 1601 1570 errantes
1620 1545 1720 1583 pro-

268 1593 388 1646 gredi
411 1601 609 1646 poterant.
670 1595 861 1633 Omnium
890 1599 1025 1630 autem
1052 1591 1354 1628 acerbissimum
1382 1596 1489 1638 erat,
1521 1587 1635 1640 quod
1642 1602 1720 1639 per

271 1653 469 1702 tegionem
498 1651 698 1688 hosticam
723 1652 797 1687 iter
815 1649 1099 1699 faciebamus,
1127 1662 1251 1699 neque
1277 1645 1370 1684 inde
1400 1652 1514 1683 erant
1548 1658 1612 1682 res
1641 1657 1718 1682 no—

271 1714 377 1744 strae
403 1709 586 1757 periculo
614 1720 790 1755 vacuae,
827 1704 901 1743 sed
932 1706 1090 1755 pariter
1125 1703 1268 1741 hiemis
1291 1686 1546 1753 hostiumque
1564 1701 1718 1739 violeu-

272 1765 333 1800 tta
352 1763 579 1801 timebatur.

384 1831 462 1868 Hic
492 1831 721 1882 imperfecte
752 1827 896 1867 desinit
932 1828 1193 1878 fragmentum
1221 1826 1345 1879 prius.
1411 1823 1598 1876 Sequitur
1624 1828 1717 1875 post

273 1886 527 1936 quadraginta
552 1886 712 1924 circiter
741 1884 833 1923 folia
864 1885 1056 1934 alterum,
1095 1884 1228 1922 eadem
1257 1881 1551 1921 intricatissima
1580 1892 1714 1928 manu,

273 1942 403 1991 quod,
433 1949 481 1979 ut
507 1949 564 1980 est
596 1943 686 1980 loco
717 1941 760 1979 in
793 1941 887 1980 cod.
916 1940 1135 1992 posterius,
1165 1940 1221 1977 ita
1254 1936 1507 1991 praecedenti
1544 1935 1715 1974 subiun-

271 2010 345 2046 go:
375 1998 529 2036 tametsi
556 1999 719 2036 fortasse
747 1997 798 2035 ad
819 2004 973 2048 tempus
999 1995 1232 2034 antecedens
1254 1993 1441 2047 pertinet.
1499 1992 1715 2041 Gens,cm

271 2052 354 2090 dux
387 2052 481 2102 ille,
522 2054 696 2105 quisquis
726 2059 809 2102 est,
852 2052 1044 2104 oppidum
1085 2051 1163 2089 sibi
1209 2049 1457 2088 commissum
1489 2047 1714 2096 tradiderit,

270 2121 370 2159 quae
398 2108 471 2157 sit,
500 2110 675 2148 viderint
706 2109 835 2158 docti,
863 2115 1086 2160 temporum
1109 2102 1360 2158 partiumque
1382 2105 1544 2142 illarum
1573 2102 1713 2154 cogni-

267 2165 414 2202 tionem
437 2177 526 2201 cum
551 2166 742 2216 prudenti
762 2165 909 2203 iudicio
932 2164 1223 2212 coniungentes.
1282 2162 1379 2199 Rem
1403 2160 1447 2197 in
1471 2158 1711 2197 Chersoneso

268 2219 434 2258 Taurica
461 2220 543 2270 geri
572 2221 743 2258 declarat
766 2221 910 2258 mentio
937 2221 1151 2258 Clematum
1171 2219 1265 2261 258.
1292 2217 1331 2254 B.
1359 2217 1484 2254 sacta:
1514 2216 1712 2280 scriptura

271 2283 329 2314 est
357 2277 495 2326 ligata,
527 2290 643 2327 quam
667 2283 835 2324 vocant,
872 2290 971 2315 saec.
999 2290 1040 2315 x.
1068 2281 1136 2312 aut
1166 2287 1225 2312 XI.
1279 2268 1422 2324 ’Λρχην
1444 2269 1535 2338 γὰρ
1547 2269 1597 2323 δὴ
1624 2266 1711 2312 τότε

119 2341 158 2375 Ρ.
177 2342 246 2378 257
267 2336 350 2380 τοῖς
372 2327 591 2401 βαρβάροις
602 2332 818 2382 πολεμεῖν’
805 2332 978 2400 ἔγνωμεν
990 2335 1024 2382 *)
1048 2328 1089 2382 ἢ,
1107 2330 1144 2369 εἰ
1165 2331 1229 2369 δεῖ
1243 2344 1280 2368 τι
1299 2326 1457 2379 τάληθῆ
1476 2322 1616 2378 φάναι,
1635 2326 1710 2366 δεί-

270 2401 407 2435 σαντες
429 2385 472 2428 τὸ
499 2385 553 2438 μὴ
581 2391 742 2455 φθῆναι
771 2385 849 2427 ὐπς’
875 2384 1007 2427 αὐτῶν
1034 2383 1348 2450 α’ναιρεθέντες,
1370 2381 1610 2435 ἀπέστημεν,
1640 2381 1709 2422 καὶ

266 2441 403 2492 αὐτοῖς
417 2459 461 2485 το
487 2441 657 2484 δυνατὸν
682 2439 953 2494 ἀντιτετάχθαι
974 2440 1261 2494 διενοήθημεν,
1290 2436 1443 2487 πάντας
1461 2437 1606 2507 ὁμοίως
1622 2440 1708 2489 λεη-

263 2497 487 2540 λατούντων
505 2499 572 2540 καὶ
592 2498 938 2551 διαφθειρομένων
961 2495 1333 2566 απανθρωπότατα,
1364 2492 1518 2564 ωσπερ..
1517 2491 1607 2534 τινὰ
1625 2497 1708 2544 θη-

263 2558 330 2608 ρία
357 2572 456 2596 κατα
477 2552 637 2596 πάντων
663 2554 736 2607 τήν
763 2553 889 2621 ὁρμήν
911 2551 1174 2595 ἕνδεικνύντα.
1236 2550 1341 2593 Ουδὲ
1386 2549 1435 2603 ἂρ
1459 2565 1542 2590 των
1564 2549 1704 2591 οἰκειο·

261 2609 389 2652 τάτων
410 2608 535 2664 φειδώ
550 2627 610 2660 τις
628 2608 751 2667 εἰσῄει
768 2607 904 2658 αὐτοῖς
914 2642 926 2660 ,
956 2606 1051 2651 ουδὲ
1065 2611 1241 2665 λογισμω
1257 2624 1336 2649 τινι
1353 2624 1380 2660 η
1401 2606 1528 2660 κρίσει
1545 2605 1705 2646 δικαίου

301 2733 338 2777 *)
362 2733 535 2790 Scriptum
556 2738 609 2768 est
630 2733 708 2774 hic,
737 2736 773 2767 et
796 2731 963 2780 posterius
985 2732 1174 2766 inductum·
1204 2729 1279 2766 Καὶ
1306 2728 1371 2766 διαὶ
1398 2740 1512 2765 τουτο
1543 2724 1614 2773 γὰρ
1641 2723 1704 2761 καὶ

345 2778 391 2813 τά
413 2778 542 2824 βόρεια
564 2782 632 2815 τοῦ
645 2778 799 2823 Ἴστρου.
