1748 3094
274 120 370 169 360
658 126 1001 175 LUITPRANDI
1033 125 1304 172 LEGATIO*

274 225 392 267 stram
419 225 524 267 nunc
547 228 634 268 dico
663 243 836 278 omnem,
866 242 964 280 quae
981 228 1052 267 sub
1078 236 1210 268 vestro
1231 230 1396 283 Imperio
1412 236 1491 278 est,
1517 236 1688 281 gentem:

274 302 388 347 atque
410 295 558 334 utinam
581 309 716 334 verum
741 296 814 344 sit,
842 295 947 347 quod
969 295 1017 334 de
1040 296 1302 348 praesentibus
1321 297 1474 348 scripsit
1493 298 1566 335 iste
1587 304 1689 335 tem-

272 362 444 415 poribus.
499 362 672 410 Caetera,
709 367 755 398 ut
772 362 945 414 scripsit,
973 368 1065 401 sunt
1083 375 1204 413 usque
1218 361 1297 401 huc
1321 363 1533 416 completa,
1551 376 1688 414 quem-

274 428 482 467 admodum
511 440 581 478 per
619 427 748 478 ipSOS,
800 429 867 479 qui
895 429 1038 468 horum
1065 430 1254 467 librorum
1289 428 1492 467 scientiam
1531 429 1687 478 habent,

273 488 433 534 audivi:¹
452 502 491 533 et
511 506 560 532 ex
586 493 719 531 multis
740 493 822 533 eius
845 496 959 534 dictis
978 509 1101 534 unum
1121 496 1163 534 id
1190 497 1430 549 proferamus
1447 495 1491 537 in
1507 495 1688 533 medium.

272 561 339 600 Ait
362 563 463 598 enim
482 575 589 599 nunc
611 563 846 613 completum
864 563 914 601 iri
933 563 1188 614 scripturam,
1217 575 1315 613 quae
1339 562 1458 600 dicit=
1483 561 1598 601 Λέων
1622 560 1689 601 καὶ

271 623 442 679 σκύμνος
469 624 743 678 ὁμοδιῶζουσιν
790 626 956 682 ὄναγρον
985 629 1130 667 Graece
1151 629 1225 678 ita,
1259 629 1437 667 Latinum
1457 634 1584 665 autem
1610 627 1687 665 sic:

268 693 346 731 Leo
377 699 416 730 et
441 693 596 732 Catulus
625 694 743 734 simul
773 695 1082 733 exterminabunt
1108 708 1315 745 onagrum,
1352 694 1461 733 cuius
1490 693 1689 745 interpre-

269 758 366 796 tatio
384 759 595 797 secundum
616 760 806 798 Graecos:
833 761 914 809 leo,
942 761 984 798 id
1001 767 1057 798 est
1070 762 1332 799 Romanorum
1349 761 1430 798 sive
1452 760 1689 797 Graecorum

233 824 504 876 BImperator,
532 831 570 862 et
598 826 755 863 Catulus
780 826 1020 865 Francorum
1047 827 1196 865 scilicet
1216 828 1320 876 Rex,
1347 827 1464 866 simul
1486 828 1548 866 his
1570 842 1688 880 prae-

213 891 215 894 ”
270 891 439 929 sentibus
457 891 693 942 temporibus
714 893 1026 931 exterminabunt
1046 907 1245 944 onagrum,
1272 893 1315 931 id
1333 900 1390 931 est
1407 895 1687 933 Saracenorum

269 958 412 1007 Regem
426 957 663 997 Africanum.
719 959 828 1006 Quae
845 959 1111 1011 interpretatio
1138 973 1181 997 eo
1202 959 1299 997 mihi
1311 973 1403 998 vera
1420 972 1501 997 nou
1518 960 1687 1009 videtur,
1737 967 1739 969 ’

270 1023 455 1074 quoniam
472 1024 547 1062 Leo
578 1031 616 1063 et
640 1025 819 1075 Catulus,
847 1027 1023 1077 quamvis
1050 1026 1214 1077 disparis
1247 1025 1544 1076 magnitudinis,
1571 1026 1686 1064 unius

268 1096 397 1128 tamen
417 1097 508 1128 sunt
527 1097 709 1142 naturae,
738 1098 777 1129 et
796 1092 958 1142 speciei,
986 1105 1054 1130 seu
1075 1092 1216 1131 moris:
1245 1098 1379 1143 atque,
1407 1098 1453 1130 ut
1479 1090 1576 1129 mihi
1600 1105 1686 1130 mea

267 1155 431 1194 scientia
446 1157 636 1207 suggerit,
665 1158 700 1195 si
721 1158 782 1196 leo
806 1158 1043 1196 Graecorum
1056 1158 1291 1209 Imperator,
1319 1157 1596 1197 inconveniens
1613 1163 1685 1207 est,

266 1227 315 1259 ut
331 1223 493 1260 >catulus
519 1223 571 1261 sit
594 1224 831 1263 Francorum
861 1225 966 1263 Rex:
996 1224 1173 1275 quamvis
1199 1223 1300 1261 enim
1331 1225 1483 1275 utrique
1509 1208 1685 1262 homines

265 1287 366 1337 sint,
401 1288 502 1327 sicut
528 1289 589 1327 leo
624 1296 664 1329 et
688 1291 839 1329 catulus
869 1296 1032 1341 uterque
1050 1289 1227 1328 animalia
1235 1304 1247 1339 ς
1276 1289 1420 1328 distant
1445 1297 1574 1328 tamen
1594 1303 1684 1327 mo-
1719 1324 1722 1325 γ

265 1354 373 1392 ribus
400 1361 572 1406 tantum,
601 1370 681 1395 non
704 1341 791 1396 dics
818 1357 945 1396 solum
973 1362 1162 1408 quantum
1191 1355 1337 1407 species
1366 1355 1588 1406 speciebus,
1615 1355 1684 1393 sed

231 1425 261 1459 C
271 1427 457 1472 quantum
468 1419 660 1460 sensibilia
675 1422 975 1462 insensibilibus.
1029 1422 1184 1460 Catulus
1203 1435 1226 1458 a
1242 1421 1353 1459 leone
1364 1421 1423 1459 nil
1439 1421 1519 1459 nisi·
1533 1427 1683 1473 tempo·

262 1499 306 1525 re
324 1486 461 1537 distat,
491 1489 617 1526 forma
644 1489 794 1539 eadem,
821 1490 954 1542 rabies.
973 1502 1075 1538 una,
1102 1487 1250 1537 rugitus
1271 1487 1388 1527 idem.
1445 1488 1682 1526 Graecorum

261 1552 347 1590 Rex
369 1553 550 1604 crinitus,
580 1554 796 1605 tunicatus,
823 1555 1054 1604 manicatus,
1082 1554 1317 1602 teristratus,
1343 1553 1530 1603 mendax,
1566 1553 1680 1591 dolo-

263 1631 353 1667 sus,
381 1619 675 1669 immisericors,
700 1621 906 1673 vulpinus,
943 1621 1154 1672 superbus,
1184 1619 1279 1656 falso
1308 1618 1486 1669 humilis,
1522 1631 1680 1671 parcus,

266 1684 453 1736 cupiduS,
480 1687 592 1736 allio,
622 1701 735 1738 cepe,
765 1694 804 1725 et
825 1687 953 1739 porris
970 1699 1148 1736 vescenS‚
1176 1685 1312 1723 balnea
1326 1684 1479 1723 bibens:
1505 1685 1681 1724 Franco-

259 1764 350 1788 rum
371 1752 455 1789 Rex
486 1759 619 1791 contra
640 1753 807 1805 pulchre
833 1761 990 1801 tonsus,
1020 1767 1042 1790 a
1059 1751 1240 1790 muliebri
1258 1751 1402 1790 vestitu
1423 1758 1526 1790 veste
1546 1753 1679 1792 diver-

261 1829 350 1865 sus,
378 1818 565 1868 pileatus,
594 1833 735 1870 verax,
762 1821 820 1858 nil
840 1821 919 1858 doli
936 1820 1101 1866 habens,
1130 1818 1220 1856 satis
1239 1817 1307 1855 ubi
1324 1818 1510 1870 competit
1523 1819 1679 1858 miseri-

263 1894 373 1930 cors,
403 1897 560 1923 severus
577 1886 646 1923 ubi
668 1892 841 1938 oportet:
871 1899 1021 1938 semper
1043 1898 1131 1924 vere
1157 1883 1335 1932 humilis,
1362 1897 1559 1934 nunquam
1579 1899 1677 1937 par-

260 1961 350 1996 cus,
379 1962 460 1986 non
491 1951 600 2000 allio,
632 1952 757 2004 cepis,
784 1953 915 2004 porris
945 1964 1122 2000 vescens,
1149 1956 1195 1988 ut
1222 1949 1348 2001 possit
1373 1950 1599 1989 animalibus
1628 1965 1674 1990 eo

257 2027 436 2066 parcere,
468 2019 659 2065 quatenus
695 2032 777 2056 non
807 2018 1066 2066 manducatis,
1094 2016 1163 2054 sed
1202 2014 1430 2054 venundatis
1467 2018 1674 2068 pecuniam

258 2086 471 2129 congreget.
527 2082 700 2122 Audistis
735 2084 1011 2133 differentiam,
1041 2082 1161 2121 nolite
1182 2081 1284 2119 hanc
1314 2081 1674 2133 interpretationem

259 2146 472 2196 susciperet
501 2155 568 2185 aut
597 2151 699 2188 enim
722 2152 853 2188 sutura
874 2157 951 2199 est,
981 2155 1047 2187 aut
1063 2148 1158 2186 haec
1176 2161 1268 2186 vera
1287 2160 1367 2185 non
1385 2154 1460 2186 est:
1487 2148 1673 2201 impossi-

257 2211 334 2249 bile
354 2217 409 2248 est
427 2212 548 2261 enim,
580 2220 623 2251 ut
640 2216 902 2267 Nicephorus,
931 2216 1033 2254 sicut
1049 2215 1124 2266 ipsi
1146 2214 1408 2263 mentiuntur,
1440 2215 1492 2252 sit
1507 2216 1606 2266 Leo,
1634 2222 1674 2254 et

223 2278 358 2315 Dotto
387 2278 438 2315 sit
472 2279 650 2329 Catulus,
679 2282 747 2332 qui
776 2282 890 2319 simul
921 2281 1176 2319 exterminent
1210 2280 1388 2330 aliquem.
1441 2280 1542 2319 Ante
1570 2281 1672 2319 enim

253 2344 459 2396 pererratis
487 2345 687 2383 amborum
714 2347 881 2396 finibus,
918 2347 1031 2395 exul,
1076 2352 1144 2383 aut
1173 2344 1328 2384 Ararim
1358 2345 1525 2384 Parthus
1553 2346 1670 2396 bibet,

249 2416 321 2448 aut
350 2410 551 2448 Germania
576 2412 731 2461 Tigrim,
762 2426 877 2462 quam
893 2412 1134 2464 Nicephorus
1161 2417 1199 2449 et
1226 2413 1319 2450 Otto
1340 2412 1506 2449 amicitia
1533 2415 1672 2449 coeant

253 2482 293 2514 et
309 2476 465 2514 foedera
480 2476 651 2526 iungant.
689 2477 864 2516 Audistis
890 2480 1147 2528 Graecorum,
1177 2478 1305 2516 audite
1321 2490 1425 2515 nunc
1441 2477 1668 2528 Luitprandi

252 2542 515 2580 Cremonensis
539 2542 721 2594 Episcopi
738 2544 1113 2595 interpretationem:
1145 2544 1231 2582 dico
1249 2550 1399 2592 autem,
1427 2549 1465 2581 et
1487 2556 1568 2580 non
1597 2556 1665 2580 so-

251 2618 334 2655 lum
364 2608 475 2657 dico,
502 2608 566 2646 sed
598 2608 768 2657 affirmo,
797 2609 829 2646 si
862 2611 1056 2661 scriptura
1093 2610 1187 2648 'haec
1214 2608 1480 2661 praesentibus
1506 2615 1563 2645 est
1587 2607 1664 2645 im·-

248 2673 390 2724 plenda
427 2674 683 2727 temporibus,
715 2675 787 2714 Leo
818 2682 855 2714 et
883 2677 1058 2728 Catulus,
1095 2681 1225 2729 pater,
1254 2681 1294 2714 et
1321 2674 1448 2724 filius,
1477 2673 1592 2723 Otto,
1625 2679 1664 2712 et
