1754 2996
268 134 366 188 '468
721 144 1029 190 C.B.HA511
1055 145 1257 190 NOTAE

269 253 364 296 263.
384 247 429 289 A.
456 248 526 290 καὶ
545 245 653 307 αυτῷ
670 248 710 299 ἐξ
728 247 852 303 αυτῆς
866 252 938 302 τῆς
957 245 1205 303 ἄκαριαίας”
1179 251 1308 304 ροπῆς
1319 245 1718 302 [subintellige‚·i]'vm-

268 306 609 359 vai].lnterp1·es
644 308 765 344 male:
796 308 878 358 ipsi
907 320 951 343 ex
988 306 1167 358 simplici
1196 307 1425 345 voluntati-9
1457 306 1718 344 inclinatione

271 365 413 402 unitas
432 369 499 401 est.
546 363 701 400 Etenim
725 376 881 400 sensum
902 376 998 410 esse,
1028 369 1065 399 et
1084 364 1166 414 ipsi
1184 362 1367 415 [homini]
1387 364 1432 400 in
1442 370 1597 414 puncto
1617 369 1719 399 tem-

262 421 381 473 poris
398 417 642 456 indivisibili
660 417 870 456 adunatus
887 426 943 455 est
963 417 1080 469 [Deus
1102 418 1286 470 Verbum]
1298 448 1309 468 ‚
1338 419 1469 486 liquet
1483 419 1548 457 vel
1576 431 1628 457 ex
1652 431 1721 456 se-

272 475 501 528 quentibus‚
533 490 588 521 ως
619 472 675 526 μή
700 479 1028 527 προεπινοεῖσθαι
1045 489 1119 526 την
1147 477 1276 527 λῆψιν
1294 477 1366 527 τῆς
1391 470 1601 523 ἕνῶσεως,
1619 472 1720 511 adeo

271 539 319 570 ut
337 533 533 569 assumtio
564 531 748 582 [nostrae
746 529 1017 581 humanitatis]
1037 530 1286 569 adunationi
1315 532 1466 569 anteire
1489 544 1567 568 non
1595 530 1722 567 intel-

270 589 438 639 ligatur.
492 584 634 636 Ῥοπηυ
653 600 727 638 pro
749 589 912 638 impetu,
943 588 1205 635 contentione,
1234 594 1400 638 usurpat
1420 588 1497 626 Leo
1516 590 1558 629 2.
1577 586 1621 624 B.
1650 589 1719 628 20.

272 645 316 682 D.
335 643 401 685 24.
425 644 468 680 B.
497 642 564 684 40.
587 643 628 682 l).
660 657 733 694 pro
757 644 951 681 bellorum
974 643 1309 680 inclinationibus
1331 646 1397 686 81.
1423 643 1469 683 Β.
1496 656 1571 695 pro
1599 649 1720 691 nutu,

269 700 501 747 voluntate,
531 702 597 741 60.
619 698 659 739 C.

386 758 491 806 Pag.
517 758 609 796 116.
651 755 723 792 lin.
751 757 817 796 20.
856 752 1037 805 συνεῖδε]
1076 753 1208 803 Verti,
1231 755 1423 791 statuit.-
1457 753 1577 792 habet
1616 752 1722 791 enim

272 814 428 864 συνορῶ
463 811 570 861 apud
603 810 814 862 scriptores
840 810 987 847 mediae
1021 809 1279 856 Graecitatis,
1319 816 1407 848 tum
1435 810 1647 862 praecipue
1675 808 1721 846 in

271 868 381 906 Actis
416 866 684 904 conciliorum
698 889 716 914 ,ι
739 865 975 916 peculiarem
1012 866 1355 916 significationem,
1385 873 1542 915 statuo,
1572 878 1719 914 censeo,

277 923 461 961 decerno:
490 936 603 973 quam
625 922 742 960 video
762 935 851 959 cum
867 922 910 959 in
928 921 1128 960 Thesauro
1150 922 1302 960 Suiceri
1321 928 1404 960 tum
1423 935 1446 959 a
1461 921 1660 972 Ducangio
1674 921 1721 958 in

118 978 158 1012 Ρ.
182 976 251 1014 234
276 978 478 1017 Glossario
498 978 691 1016 omissam.
748 978 881 1027 Neque
902 978 1093 1016 satisfacit
1112 979 1292 1016 Reiskius
1319 978 1371 1015 ad
1396 978 1599 1020 Constant.
1619 978 1721 1016 Por-

272 1035 391 1088 phyr.
417 1034 578 1073 Caerim.
606 1035 770 1085 Byzant.
802 1034 854 1071 Π.
881 1037 972 1076 126.
1002 1035 1043 1073 C.
1084 1035 1262 1072 Referam
1287 1034 1422 1086 itaque
1453 1034 1572 1086 paulo
1604 1033 1720 1086 plura

267 1091 452 1142 *exempla
474 1090 592 1127 huius
607 1103 725 1138 usus,
757 1090 824 1139 qui
861 1090 1030 1127 dici'vix
1057 1097 1188 1141 potest
1212 1104 1328 1142 quam
1355 1091 1489 1128 multis
1523 1090 1721 1141 interpre-

267 1148 378 1185 ‘iibus
409 1146 607 1196 negotium
640 1145 859 1183 secesserit:
895 1146 1080 1183 Praesens
1110 1147 1254 1197 legitur
1285 1147 1433 1184 Concil.
1459 1145 1640 1184 Chalced.
1667 1144 1718 1183 [I.

274 1203 369 1246 542.
390 1203 433 1240 A.
456 1204 627 1252 Συνορῶ
643 1199 836 1252 τόνἼβαν
861 1204 1168 1254 φιλανθρωπίας
1192 1207 1334 1254 τυχεῖν.
1359 1202 1496 1240 Versio
1521 1201 1719 1252 vulgaris:

273 1257 477 1306 Per-video,
501 1258 613 1295 Ibam
635 1259 845 1308 impetrare
865 1257 1123 1296 clementiam.
1146 1258 1294 1308 Scribe,
1319 1258 1472 1307 Censeo,
1494 1266 1541 1295 ut
1560 1259 1617 1296 lb.
1638 1257 1720 1294 cle-

266 1316 464 1351 ’mentiam
492 1316 682 1364 impetret.
740 1314 793 1350 Co
826 1314 1018 1351 stantinus
1045 1315 1122 1352 P01
1123 1313 1289 1365 phyro·r
1312 1315 1475 1352 Caerim.
1497 1314 1530 1353 I.
1558 1313 1651 1356 234.
1673 1313 1719 1352 B.
1739 1324 1742 1327 ⁴

274 1385 336 1411 οτε
357 1373 528 1425 συνορᾷς
558 1370 723 1422 (Reiskz
755 1328 919 1420 ᾳίαηᾶο
941 1372 1139 1420 permis-et
1140 1373 1173 1407 it
1191 1378 1228 1407 et
1246 1369 1494 1407 commodum
1511 1371 1593 1421 ipsi
1618 1370 1718 1420 fue-

274 1428 352 1463 risi
392 1439 466 1466 scr.
503 1425 665 1477 quando
697 1424 875 1476 censes),
892 1421 1120 1477 α’σπάζομαί
1143 1426 1186 1478 [f.
1215 1422 1461 1492 οἷσπασομαί]
1481 1436 1537 1465 σε.
1564 1424 1716 1464 Concil-

274 1482 510 1520 Chalcedon.
538 1482 584 1520 ΙΙ.
618 1483 713 1523 562.
733 1483 777 1518 A.
802 1483 838 1520 εἰ
866 1485 1018 1536 συνορᾷ
1046 1481 1075 1533 ἤ
1098 1481 1192 1535 a‘yta
1212 1478 1393 1529 σύνοδος.
1449 1481 1627 1532 Vulgaris
1650 1480 1718 1518 in-

273 1545 444 1590 ierpies:
475 1539 521 1575 Si
533 1552 618 1588 per
609 1538 729 1588 spicit
749 1544 892 1573 sancta
912 1537 1100 1586 synoda-5⁸.
1156 1539 1300 1585 Sensus
1319 1544 1396 1575 est:
1426 1539 1472 1575 Si
1488 1551 1520 1575 ε.
1539 1535 1719 1587 synodus

275 1596 336 1631 ita
362 1601 500 1631 censet.
557 1594 707 1631 Eodem
739 1593 887 1630 Concil.
920 1578 1102 1632 Chalced.
1125 1593 1175 1634 ΙΙ.
1201 1596 1294 1636 639.
1322 1593 1365 1633 Ε.
1389 1596 1619 1661 συνορῶμεν
1642 1589 1720 1659 πρό

272 1646 437 1690 πάντων
455 1647 527 1700 μὲν
549 1647 598 1689 τὰ
621 1653 792 1700 πρωτεῖα
821 1651 878 1702 τῷ
894 1651 964 1700 τῆς
985 1645 1244 1712 πρεσβύτιδος
1258 1645 1406 1701 Ῥώμης
1425 1644 1717 1702 αρχιεπισκόπῳ

273 1704 568 1756 φυλαττεσθαι·
598 1690 890 1742 ηοῦἰειίιίεέῖιν
919 1712 977 1742 ut.
1034 1706 1157 1742 Vetus
1180 1705 1394 1756 interpres,
1419 1704 1714 1756 perpendimus.

274 1762 452 1799 Concilio
473 1762 655 1812 Cplitano
673 1761 745 1798 sub
764 1762 874 1798 Mena
894 1761 941 1799 II.
964 1762 1082 1803 1259.
1105 1762 1145 1798 C.
1165 1764 1392 1815 συνορῶμεν
1408 1783 1466 1790 --
1484 1758 1605 1801 αὐτὸν
1622 1775 1717 1800 απο·

264 1819 475 1868 νβληθῆναι.
493 1820 565 1857 τοῦ
590 1813 769 1868 σώματος
787 1820 867 1856 τῶν
888 1839 937 1845 —
961 1816 1197 1868 ἐκκλησιῶν·
1228 1817 1494 1865 decernimus,
1513 1824 1594 1854 ut.-
1621 1829 1717 1854 ver-

235 1873 334 1911 Bsio
360 1873 545 1923 Enniana,
577 1875 853 1924 conspicimus.
909 1873 1088 1910 Concilio
1108 1874 1270 1911 Oecum.
1294 1879 1407 1910 sexto
1426 1872 1715 1915 111.1197.A.

273 1925 366 1974 τούς
388 1927 429 1968 δὲ
449 1927 529 1980 ἤδη
551 1929 950 1981 μεταμεληθέντας..
941 1941 1203 1982 ,συνορωμεν
1225 1929 1281 1975 εἰς
1296 1944 1389 1976 τους
1407 1930 1536 1976 ἰδίους
1556 1925 1628 1978 μὲν
1648 1943 1717 1967 κα.

272 1987 477 2035 θεσθῆναι
495 1981 654 2032 τόπους.
712 1985 848 2023 Versio
868 1985 1025 2034 vulgata
1039 2014 1049 2033 ,
1081 1983 1376 2035 praebidimzis.
1419 1983 1604 2021 Occurrit
1618 1983 1716 2021 item

273 2038 317 2076 in
348 2039 528 2077 Concilio
565 2041 754 2078 liullano
785 2042 866 2079 sive
894 2041 1119 2091 quinisexto
1153 2041 1220 2078 111.
1260 2043 1378 2082 1661
1407 2040 1452 2079 A.
1483 2042 1716 2090 συνορῶμεν

273 2107 383 2134 ωστε.
435 2096 634 2133 Aoristum
653 2097 750 2135 bene
766 2096 944 2135 Valesius
963 2097 1083 2134 vertit
1101 2097 1207 2147 apud
1225 2096 1361 2145 Evagr.
1378 2095 1479 2133 Hist.
1500 2095 1606 2132 Eccl.
1620 2095 1713 2137 403.

270 2150 318 2189 D.
351 2152 533 2190 συνεῖδον
556 2149 629 2203 γὰρ
653 2152 718 2192 καὶ
745 2150 793 2192 to?
826 2148 917 2191 κατ’
946 2150 1013 2202 ἐμὲ
1040 2152 1276 2204 παρυφᾶναι
1299 2153 1351 2204 τῇ
1377 2151 1553 2205 ἱστορίᾳ·
1579 2153 1715 2188 visum

271 2207 376 2243 enim
396 2213 465 2244 est.
522 2207 652 2244 Minus
682 2215 789 2245 recte
809 2207 1137 2245 Montesalconius
1159 2205 1346 2245 Biblioth.
1369 2207 1483 2245 Coisl.
1499 2208 1543 2243 in
1561 2205 1713 2244 Monito

269 2260 443 2299 Victoris
472 2261 706 2299 Antiocheni
734 2264 799 2305 64.
823 2264 864 2300 Β.
895 2264 1114 2313 exploravi,
1146 2271 1192 2300 ut
1212 2277 1257 2299 ea
1280 2276 1382 2312 qliae
1408 2265 1451 2299 in
1476 2261 1587 2300 illud
1602 2262 1715 2300 dieta

258 2318 435 2368 fuerant
463 2318 710 2368 colligerem:
748 2320 931 2358 συνεῖδον
957 2316 1006 2358 τοὶ
1028 2339 1084 2347 --
1108 2319 1165 2365 εἰς
1192 2314 1288 2360 αὐτὸ
1310 2317 1494 2370 εἰρημένα
1513 2339 1569 2347 -
1594 2330 1714 2359 συνα-

269 2378 416 2426 γαγεῖν.
473 2374 626 2421 Scribe,
669 2374 770 2410 mihi
798 2377 928 2411 visum
954 2382 1028 2422 est,
1067 2387 1113 2410 ea
1142 2388 1246 2424 quae
1274 2375 1317 2410 in
1341 2373 1453 2411 illud
1481 2373 1591 2410 dicta
1615 2381 1714 2411 sunt

270 2430 465 2480 colligere.
522 2429 653 2467 Tertia
684 2443 851 2480 persona
883 2430 1015 2468 aoristi
1053 2430 1202 2468 Concil.
1234 2436 1344 2467 sexto
1373 2430 1466 2467 Oec.
1495 2429 1560 2467 111.
1591 2430 1712 2472 1045.

268 2485 315 2523 A.
334 2482 396 2525 ὅτι
423 2487 570 2536 μᾶλλον
593 2486 758 2524 συνεῖδε.
815 2486 950 2523 Versio
977 2485 1182 2535 impressa,
1214 2487 1314 2536 qaia
1343 2487 1479 2537 magio
1493 2484 1712 2536 praevidit.

268 2540 440 2578 Emenda
453 2570 463 2588 ,
494 2543 629 2591 magis
643 2541 848 2591 placitum
868 2555 947 2577 esse
965 2541 1045 2577 sibi
1065 2540 1134 2591 [sc.
1151 2541 1283 2592 dixit}
1323 2541 1374 2578 Et
1392 2544 1478 2579 Act.
1495 2553 1571 2579 sec.
1590 2541 1711 2583 1064.

268 2596 315 2633 D.
337 2598 516 2636 συνεῖδεν
535 2595 584 2649 [ἦ
598 2595 764 2648 ὑμετέρα
784 2593 999 2646 εὖσέβεια],
1027 2598 1161 2633 visum
1179 2605 1236 2633 est
1258 2604 1408 2633 vestrae
1419 2598 1589 2647 pietati:
1619 2609 1711 2634 ver-

268 2651 326 2688 sio
343 2652 514 2703 vulgaris
526 2682 537 2701 ,
561 2651 765 2703 providit.-
793 2658 839 2689 ut
856 2652 897 2688 in
915 2652 1070 2691 Action.
1087 2665 1156 2693 XV.
1179 2655 1298 2694 1373.
1316 2653 1361 2690 D.
1378 2652 1569 2699 συνεῖδεν,
1590 2665 1713 2702 prae-

268 2706 391 2748 vidit.
448 2708 617 2746 Pluralis
638 2713 848 2759 usurpatus
871 2708 913 2744 in
938 2708 1080 2745 Codice
1100 2708 1310 2746 Iustinian.
1329 2707 1399 2745 lib.
1422 2707 1450 2744 Ι.
1474 2707 1536 2745 tit.
1558 2720 1615 2744 lv.
1655 2708 1713 2745 De

234 2762 362 2802 Cforo
394 2763 530 2802 clerici
550 2770 589 2802 et
615 2763 992 2823 episcopi-accusati
1009 2763 1061 2802 11.
1087 2767 1153 2806 29.
1181 2767 1248 2806 19.
1268 2763 1336 2803 καὶ
1357 2765 1471 2803 τοῦτο
1490 2763 1712 2817 νομοθεσίᾳ
